2504 3950
348 827 395 932 u.
426 809 568 904 uuum
600 827 847 915 uouaouus

140 994 215 1080 Du
248 991 469 1081 cutiens
500 991 574 1078 Au
603 990 830 1080 MAROUM
861 993 1047 1082 FILIUM

298 1173 304 1183 ’
363 1187 365 1194 ’
433 1181 554 1242 umus
578 1181 755 1244 unumne.

544 1338 651 1350 *-

323 1433 342 1444 ”
432 1464 765 1526 1111111111.

161 1579 223 1635 Hoc
234 1579 316 1636 ,libro
333 1578 370 1634 M.
390 1579 498 1634 Tullius
516 1578 659 1649 prooemio
677 1579 844 1650 praemisso,
867 1580 898 1635 in
916 1595 976 1650 ¹quo
994 1579 1029 1636 de
1048 1581 1101 1636 otii

92 1650 134 1706 sui
156 1649 268 1705 ratione
290 1649 405 1720 exponit
423 1653 452 1705 et
473 1649 562 1704 filium
580 1649 617 1704 ad
635 1649 729 1705 studia
746 1649 865 1706 colenda
882 1651 1010 1708 hortetur
1027 1654 1100 1722 (cap.

93 1727 116 1789 1,
135 1727 151 1775 1
171 1726 186 1787 ξ
207 1721 299 1790 1-6),
321 1721 425 1776 restare
447 1719 488 1775 ait
503 1719 617 1774 tertium
637 1719 808 1788 quaestionis
827 1737 893 1776 suae
911 1723 1004 1778 locum
1022 1739 1101 1792 prae·

90 1790 252 1846 termissnm
271 1807 289 1844 a
305 1789 451 1858 Panaetio,
474 1789 509 1844 de
533 1789 712 1844 contentione
735 1791 893 1848 honestatis
916 1794 945 1847 et
967 1791 1101 1847 utilitatis

92 1864 164 1931 (cap.
183 1867 200 1915 2
219 1867 235 1927 ξ
256 1863 371 1930 ’1-10),
395 1861 444 1932 qui
466 1861 544 1915 locus
568 1860 622 1914 etsi
644 1859 762 1914 fortasse
785 1860 833 1914 hic
854 1863 1018 1917 tractandus
1041 1879 1102 1917 esse

91 1948 149 1986 uon
166 1931 311 1998 videatur,
332 1933 481 2000 propterea
503 1928 591 1999 quod,
613 1931 763 1986 honestum
782 1929 857 1998 quod
876 1931 926 1997 sit,
950 1948 1102 2000 numquam

93 2019 157 2056 cum
173 2001 241 2056 utili
259 2017 384 2071 pugnare
401 2017 484 2072 posse
502 2000 632 2068 videatur
649 1999 733 2069 (nihil
751 1999 826 2054 enim
845 2017 905 2055 esse
923 2000 1007 2066 utile,
1026 2002 1101 2070 quod

91 2089 148 2127 non
174 2071 252 2126 idem
279 2071 448 2142 honestum),
475 2074 571 2126 tamen
597 2087 738 2141 apparerev
760 2069 831 2124 dicit
853 2069 1017 2126 Panaetium
1041 2087 1103 2126 eam

93 2159 207 2196 cansam
220 2143 392 2212 pertractare
406 2141 617 2266 uoluissggcap.
632 2144 721 2210 3-7).
749 2139 786 2195 Et
805 2157 868 2196 cum
882 2158 946 2198 saue
961 2141 1102 2196 interdum

92 2213 188 2282 aliqua
217 2212 327 2283 species
352 2211 486 2268 utilitatis
553 2213 607 2266 emi
632 2211 737 2282 possit,
764 2227 836 2280 quae
864 2229 926 2266 cum
953 2213 1101 2268 honestate

92 2299 219 2353 pugnare
237 2280 376 2351 videatur,
395 2281 438 2340 ait
455 2299 484 2338 se
502 2282 577 2336 hunc
594 2283 689 2336 locum
707 2283 847 2352 suscipere
865 2283 949 2353 velle,
967 2285 997 2338 ot
1015 2283 1101 2354 expli-

93 2356 157 2408 cata
173 2352 307 2409 universa
319 2354 418 2407 natura
431 2352 577 2420 utilitatis,
592 2368 663 2420 quae
678 2369 741 2406 cum
754 2353 929 2424 turpitudine
942 2353 1026 2422 plane
1040 2371 1101 2408 esse

92 2440 149 2479 non
164 2423 260 2494 possit
279 2424 350 2504 (cap.
370 2429 395 2490 8,
415 2424 456 2492 9),
479 2424 575 2478 tamen
598 2422 729 2476 concedit
745 2421 886 2480 interdum
905 2425 1022 2493 propter
1040 2439 1102 2493 spe-

94 2495 166 2548 ciem
184 2493 273 2547 falsae
291 2493 427 2548 utilitatis
445 2508 502 2548 non
516 2493 607 2547 solnm
620 2493 650 2546 in
663 2491 745 2548 rebus
759 2493 886 2563 privatis,
905 2492 1102 2548 verumetiam

93 2563 123 2618 in
140 2563 265 2634 publicis
283 2563 315 2618 in
332 2563 523 2633 dignoscenda
539 2561 665 2635 utilitate
683 2565 713 2616 et
725 2563 873 2618 honestate
886 2562 1004 2617 titubari
1016 2578 1101 2633 posse

94 2637 163 2704 (cap.
189 2627 748 2703 10,11§40-te)...21teque‚sprimum
771 2634 806 2688 de
828 2632 966 2702 peculiari
989 2636 1101 2688 conten·

93 2705 169 2760 tione
188 2703 337 2773 utilitatis,
362 2720 432 2773 quae
451 2702 709 2774 piutieutia²tiderji
727 2703 810 2769 velit,
834 2719 897 2756 cum
914 2701 1023 2757 iustitia
1041 2702 1103 2772 agit

93 2777 166 2897 ffcap.
187 2781 302 2830 12-25
320 2781 335 2840 ξ
354 2777 497 2853 tto-95),
510 2768 617 2848 deiude
633 2770 869 2844 jde‘f'oontentione
887 2771 1020 2825 utilitatis
1040 2789 1102 2826 cum

104 2844 268 2900 ortitudine'
278 2844 393 2915 exponit
407 2835 625 2916 (capt-ztatil,
635 2841 758 2910 denique
777 2844 812 2896 de
832 2841 1010 2896 contentione
1026 2841 1102 2896 utili-

92 2916 160 2970 tatis
178 2930 244 2970 cnm
261 2914 448 2984 temperantia
460 2913 599 2982 {disputat
620 2915 691 2982 (cap⁸
702 2919 745 2968 „33
764 2917 780 2980 5
800 2913 948 2980 lla-120)
971 2913 1001 2967 et
1022 2912 1103 2968 brevi

94 2985 208 3057 epilogo
226 2985 373 3042 concludit
389 2981 586 3064 argumentum
592 2983 718 3061 flattu).

157 3233 195 3300 P.
223 3231 422 3319 Scipionem,
453 3233 496 3302 M.
523 3233 585 3318 fili,
617 3191 704 3317 eum,
736 3233 791 3317 qui
822 3232 946 3318 primus
977 3207 1139 3301 Africa·l

94 3343 154 3394 nus
178 3323 364 3408 appellatus
387 3326 450 3406 eet,
477 3321 583 3388 dicere
610 3320 743 3388 solitum
759 3322 900 3422 'scripsit
920 3319 1019 3405 (lato,
1046 3288 1136 3406 qui1

95 3410 156 3474 tuit
184 3411 255 3476 eius
280 3409 351 3476 fere
377 3409 535 3494 aequalis,
561 3429 738 3492 numquam
765 3430 799 3474 se
826 3431 932 3476 minus
960 3410 1102 3474 otiosum

97 3519 173 3583 esse,
198 3519 296 3583 quem
318 3519 392 3566 cum
414 3497 549 3582 otiosus,
570 3517 629 3562 nec
647 3496 753 3564 minus
773 3496 887 3582 solum,
908 3517 1007 3580 quem
1028 3517 1101 3562 cum
