2504 3950
341 201 409 258 ΜΒ.
428 203 462 258 11.
495 201 577 276 CAR·
594 210 689 260 e-11.
722 210 737 272 ς
756 210 870 262 34-40.
1061 205 1105 273 69

97 364 155 428 bna
179 364 291 430 nullus
315 365 419 449 labor,
440 365 534 430 nulla
553 365 725 451 industria,
746 365 839 432 nulla
856 385 934 432 eura
952 371 1010 433 est.
1042 367 1107 434 Ad·
1124 387 1158 436 3⁷

95 451 277 518 miratione
294 456 404 518 autem
428 453 621 519 adficiuntur
638 454 671 538 ii,
694 455 751 539 qui
769 455 893 520 anteire
911 457 1026 522 ceteris
1044 457 1107 522 vin

94 545 165 605 tute
193 544 354 625 putantur
372 545 406 606 et
429 563 502 606 cum
520 543 609 608 omni
627 561 737 608 carere
753 542 922 628 dedecore,
940 548 1010 610 tum
1027 561 1106 611 vero

93 629 132 693 iis
165 629 274 715 vitiis,
305 629 423 713 quibus
456 629 516 695 alii
546 651 612 695 non
643 630 740 696 facile
771 635 911 717 possunt
937 632 1106 698 obsistere.

71 716 181 782 ⁵Nam
214 720 251 783 et
277 717 478 803 voluptates,
508 718 751 785 blandissumae
779 719 941 804 dominae,
973 721 1105 786 maioris

93 806 200 891 partis
224 805 353 871 animos
381 829 401 870 a
421 807 545 871 virtute
572 807 767 892 detorquent
790 811 837 893 et,
860 808 1010 874 dolorum
1033 829 1105 874 cum

93 893 312 960 admoventur
337 893 438 976 faces,
465 899 595 979 praeter
622 897 753 961 modum
775 896 923 981 plerique
942 899 1106 962 exterren-

93 987 159 1067 tur3
182 983 256 1047 vita
277 1003 376 1067 mora,
399 982 531 1048 divitiae
549 988 730 1070 ‘paupertas
749 1005 861 1050 omnes
883 985 1032 1050 homines
1052 1003 1105 1051 re·

93 1070 341 1136 hamentissime
364 1075 564 1155 permovent.
600 1071 689 1147 Quae
708 1073 764 1156 qui
786 1073 821 1137 in
838 1077 1011 1158 utramque
1033 1095 1106 1161 par

61 1175 83 1214 1⁰
94 1163 159 1224 tem
183 1159 316 1224 excelso
340 1159 448 1224 animo
466 1181 648 1245 magnoque
667 1160 864 1246 despiciunt,
887 1183 1024 1246 cumque
1046 1162 1106 1226 ali·

94 1269 157 1332 qua
178 1245 223 1311 iis
249 1247 359 1332 ampla
381 1251 415 1312 et
433 1247 572 1314 honesta
590 1269 641 1313 res
662 1249 789 1314 obiecta
808 1253 871 1332 est,
893 1253 983 1314 totos
1007 1250 1048 1314 ad
1071 1269 1106 1316 se

95 1335 259 1401 convertit
286 1339 320 1399 et
346 1335 447 1420 rapit,
474 1340 546 1400 tum
570 1337 731 1422 quianon
754 1336 932 1402 admiretur
955 1338 1106 1422 splendo-

94 1445 161 1488 rem
186 1422 526 1508 pulchritudinemque
548 1425 704 1490 virtutis?
739 1423 830 1510 Ergo
855 1427 888 1489 et
905 1424 986 1490 haec
1005 1425 1105 1490 animi
1118 1405 1158 1530 13}

95 1512 309 1597 despicientia
328 1512 615 1578 admirabilitatem
634 1533 788 1598 magnam
806 1513 887 1579 facit
905 1516 938 1577 et
956 1533 1106 1578 maxume

62 1617 83 1655 1⁵
95 1601 239 1685 iustitia,
263 1621 301 1664 cx
324 1621 388 1685 qua
411 1622 476 1666 una
492 1601 615 1688 virtute
632 1601 694 1666 viri
713 1601 792 1667 boni
807 1601 1026 1687 appellantur,
1048 1602 1106 1666 mi-

94 1689 185 1755 rifica
207 1687 369 1774 quaedam
391 1689 593 1754 multitudini
615 1689 752 1774 videtur,
774 1711 833 1755 nec
855 1690 988 1774 iniuriaq
1010 1711 1105 1756 nemo

95 1778 179 1842 enim
212 1777 320 1842 iustus
352 1797 422 1842 esse
454 1781 577 1862 potest,
610 1778 666 1862 qui
692 1782 844 1862 mortem,
873 1779 928 1863 qui
951 1778 1106 1864 dolorem,

95 1866 323 1950 quintilium,
350 1866 405 1949 qui
432 1870 613 1952 egestatem
639 1865 749 1949 timet,
776 1870 833 1930 aut
860 1867 917 1949 qui
944 1887 995 1948 ea,
1023 1888 1106 1950 quae

95 1957 170 2019 aunt
197 1954 252 2018 his
280 1954 455 2037 contraria,
484 1954 641 2038 aequitati
675 1952 852 2038 anteponit.
901 1951 1106 2038 Maximeque

62 2042 302 2106 ”admirantur
325 2062 413 2124 eum,
440 2043 496 2126 qui
518 2041 655 2128 pecunia
680 2061 747 2106 non
769 2044 931 2125 moretum
958 2041 1045 2124 qnod
1071 2042 1106 2106 in

95 2152 157 2214 quo
185 2130 259 2194 viro
287 2133 493 2214 perspectum
521 2130 578 2212 sit,
604 2127 691 2196 hunc
717 2130 787 2215 igni
815 2133 997 2215 spectatum
1020 2130 1106 2194 arbi·

94 2221 235 2283 tuantur.
271 2216 387 2302 Itaque
404 2217 464 2282 illa
481 2217 560 2302 tria,
579 2237 661 2302 qnae
679 2218 850 2303 proposita
871 2221 949 2283 sunt
972 2217 1013 2282 ad
1036 2219 1105 2304 glo

95 2307 191 2390 mam,
215 2306 328 2371 omnia
348 2305 476 2370 iustitia
498 2306 640 2390 conficit,
668 2310 701 2370 et
723 2306 991 2390 benivolentiam,
1020 2307 1106 2390 quod

95 2395 251 2479 prodesse
278 2394 351 2458 vult
378 2393 543 2479 plurimis,
569 2397 604 2458 et
631 2394 673 2458 ob
696 2395 831 2459 eandam
854 2413 986 2460 causam
1008 2395 1105 2460 fidem

59 2497 82 2538 ¹⁵
94 2487 127 2548 et
144 2482 411 2566 admirationem,
434 2481 521 2567 qnod
540 2499 594 2547 eas
613 2503 665 2547 res
688 2484 813 2568 spernit
835 2487 869 2548 et
885 2483 1041 2570 neglegit,
1064 2481 1106 2548 ad

94 2592 174 2655 quas
198 2571 347 2657 plerique
369 2570 564 2636 inflammati
587 2570 743 2636 aviditate
766 2572 946 2656 rapiuntur.

158 2659 210 2725 Ac
237 2681 312 2724 mea
339 2659 469 2744 quidem
497 2659 658 2724 sententia
688 2659 794 2724 omnis
820 2660 906 2724 ratio
934 2662 1032 2742 atque
1059 2658 1105 2724 in-
1123 2669 1157 2721 aa

95 2749 226 2814 stitutio
252 2748 341 2813 ritae
370 2747 558 2812 adiumenta
583 2745 753 2813 hominum
772 2745 956 2848 desiderat,
983 2745 1018 2808 in
1041 2745 1106 2830 pri·

61 2832 1003 3008 atttsstttsstdtlt⁰tttzff⁸¹ld²tttt
1027 2852 1106 3006 ἐξὲξ

94 3015 126 3076 te
147 3011 230 3077 boni
256 3011 320 3076 viri
345 3012 442 3077 feras.
487 3010 577 3096 Ergo
606 3013 706 3077 etiam
734 3009 882 3076 solitario
909 3008 1036 3074 homini
1059 3013 1107 3074 at·

95 3121 155 3184 que
181 3100 220 3164 in
248 3120 328 3186 agro
356 3100 459 3165 vitam
488 3099 600 3186 agenti
622 3098 733 3184 opinio
755 3097 901 3164 iustitiae
922 3095 1107 3162 necessaria

95 3191 156 3273 est,
179 3207 284 3272 eoque
308 3187 407 3253 etiam
428 3188 549 3270 magis,
573 3188 673 3272 quod,
699 3207 771 3252 eam
794 3186 822 3251 si
843 3205 911 3251 non
928 3184 1106 3269 habebunt,

96 3275 223 3356 [iniusti
241 3275 471 3361 habebuntur,]
493 3275 593 3340 nullis
612 3275 782 3361 praesidiis
802 3273 907 3360 saepti
925 3273 1040 3338 multis
1058 3273 1106 3338 at·

63 3375 84 3417 ³⁵
95 3363 245 3429 finientur
256 3363 395 3428 iniuriis.
431 3364 541 3448 Atque
558 3363 599 3427 ii·
616 3364 731 3448 etiam,
749 3363 806 3447 qui
823 3362 968 3428 vendunt
986 3365 1106 3444 emunt,
1124 3375 1159 3425 40
1238 3417 1239 3420 ,

97 3453 281 3518 conducunt
309 3449 419 3516 locant
446 3451 738 3535 contrahendisque
768 3450 911 3537 negotii·
938 3449 1106 3534 implican-

96 3542 157 3625 tnr,
183 3539 315 3606 institia
343 3539 384 3604 ad
410 3559 480 3605 rem
507 3538 683 3625 gerendam
713 3537 897 3606 necessaria
924 3541 988 3618 est,
1015 3535 1105 3599 cuius
