<?xml version="1.0" encoding="UTF-8"?>
<!DOCTYPE html PUBLIC "-//W3C//DTD XHTML 1.0 Transitional//EN"
    "http://www.w3.org/TR/xhtml1/DTD/xhtml1-transitional.dtd">
<html xmlns="http://www.w3.org/1999/xhtml" xml:lang="en" lang="en">
 <head>
  <title>
</title>
<meta http-equiv="Content-Type" content="text/html;charset=utf-8" />
  <meta name='ocr-system' content='tesseract 3.04.00' />
  <meta name='ocr-capabilities' content='ocr_page ocr_carea ocr_par ocr_line ocrx_word'/>
</head>
<body>
  <div class='ocr_page' id='page_1' title='image "./mtulliiciceroni04mlgoog_0181.png"; bbox 0 0 2504 3950; ppageno 0'>
   <div class='ocr_carea' id='block_1_1' title="bbox 162 188 777 256">
    <p class='ocr_par' dir='ltr' id='par_1_1' title="bbox 162 188 777 256">
     <span class='ocr_line' id='line_1_1' title="bbox 162 188 777 256; baseline -0.002 -12"><span class='ocrx_word' id='word_1_1' title='bbox 162 191 226 256; x_wconf 86' lang='lat'><strong>118</strong></span> <span class='ocrx_word' id='word_1_2' title='bbox 558 189 607 244; x_wconf 80' lang='lat' dir='ltr'><strong>DE</strong></span> <span class='ocrx_word' id='word_1_3' title='bbox 626 188 777 244; x_wconf 70' lang='lat' dir='ltr'><strong>curicus</strong></span> 
     </span>
    </p>
   </div>
   <div class='ocr_carea' id='block_1_2' title="bbox 160 351 1157 450">
    <p class='ocr_par' dir='ltr' id='par_1_2' title="bbox 160 351 1157 450">
     <span class='ocr_line' id='line_1_2' title="bbox 160 351 1157 450; baseline -0.004 -32"><span class='ocrx_word' id='word_1_4' title='bbox 160 355 190 418; x_wconf 89' lang='lat' dir='ltr'><strong>si</strong></span> <span class='ocrx_word' id='word_1_5' title='bbox 204 353 343 439; x_wconf 90' lang='lat' dir='ltr'><strong>speciem</strong></span> <span class='ocrx_word' id='word_1_6' title='bbox 361 351 518 417; x_wconf 90' lang='lat' dir='ltr'><strong>utilitatis</strong></span> <span class='ocrx_word' id='word_1_7' title='bbox 534 351 783 437; x_wconf 82' lang='lat' dir='ltr'>opinionemque</span> <span class='ocrx_word' id='word_1_8' title='bbox 803 351 996 435; x_wconf 88' lang='lat' dir='ltr'><strong>quaerimus,</strong></span> <span class='ocrx_word' id='word_1_9' title='bbox 1014 371 1157 450; x_wconf 79' lang='lat' dir='ltr'><strong>magnum</strong></span> 
     </span>
    </p>
   </div>
   <div class='ocr_carea' id='block_1_3' title="bbox 78 439 1230 3601">
    <p class='ocr_par' dir='ltr' id='par_1_3' title="bbox 160 439 1157 526">
     <span class='ocr_line' id='line_1_3' title="bbox 160 439 1157 526; baseline -0.004 -20"><span class='ocrx_word' id='word_1_10' title='bbox 160 441 243 506; x_wconf 90' lang='lat' dir='ltr'><strong>illud</strong></span> <span class='ocrx_word' id='word_1_11' title='bbox 261 441 385 506; x_wconf 92' lang='lat' dir='ltr'><strong>bellum</strong></span> <span class='ocrx_word' id='word_1_12' title='bbox 402 439 541 526; x_wconf 85' lang='lat' dir='ltr'><strong>perfuga</strong></span> <span class='ocrx_word' id='word_1_13' title='bbox 557 460 641 504; x_wconf 88' lang='lat' dir='ltr'><strong>unus</strong></span> <span class='ocrx_word' id='word_1_14' title='bbox 660 441 693 504; x_wconf 89' lang='lat' dir='ltr'><strong>et</strong></span> <span class='ocrx_word' id='word_1_15' title='bbox 711 459 846 525; x_wconf 79' lang='lat' dir='ltr'><strong>gravem</strong></span> <span class='ocrx_word' id='word_1_16' title='bbox 869 439 1086 504; x_wconf 84' lang='lat' dir='ltr'><strong>aduersarium</strong></span> <span class='ocrx_word' id='word_1_17' title='bbox 1106 460 1157 502; x_wconf 87' lang='lat' dir='ltr'><strong>un·</strong></span> 
     </span>
    </p>

    <p class='ocr_par' dir='ltr' id='par_1_4' title="bbox 109 527 1190 1141">
     <span class='ocr_line' id='line_1_4' title="bbox 128 527 1158 614; baseline 0 -24"><span class='ocrx_word' id='word_1_18' title='bbox 128 585 131 590; x_wconf 87' lang='lat'>.</span> <span class='ocrx_word' id='word_1_19' title='bbox 159 529 244 614; x_wconf 86' lang='lat' dir='ltr'><strong>perii</strong></span> <span class='ocrx_word' id='word_1_20' title='bbox 275 527 475 611; x_wconf 68' lang='lat' dir='ltr'><strong>sustulisset,</strong></span> <span class='ocrx_word' id='word_1_21' title='bbox 507 527 565 592; x_wconf 91' lang='lat' dir='ltr'><strong>sed</strong></span> <span class='ocrx_word' id='word_1_22' title='bbox 593 547 748 612; x_wconf 83' lang='lat' dir='ltr'><strong>magnum</strong></span> <span class='ocrx_word' id='word_1_23' title='bbox 776 527 911 592; x_wconf 81' lang='lat' dir='ltr'><strong>dedecus</strong></span> <span class='ocrx_word' id='word_1_24' title='bbox 940 530 973 592; x_wconf 89' lang='lat' dir='ltr'><strong>ct</strong></span> <span class='ocrx_word' id='word_1_25' title='bbox 999 527 1158 612; x_wconf 80' lang='lat' dir='ltr'><strong>flagitium,</strong></span> 
     </span>
     <span class='ocr_line' id='line_1_5' title="bbox 161 613 1159 701; baseline -0.006 -19"><span class='ocrx_word' id='word_1_26' title='bbox 161 618 291 701; x_wconf 89' lang='lat' dir='ltr'><strong>quicum</strong></span> <span class='ocrx_word' id='word_1_27' title='bbox 311 616 418 682; x_wconf 85' lang='lat' dir='ltr'><strong>laudis</strong></span> <span class='ocrx_word' id='word_1_28' title='bbox 442 619 605 681; x_wconf 88' lang='lat' dir='ltr'><strong>certamen</strong></span> <span class='ocrx_word' id='word_1_29' title='bbox 626 615 752 698; x_wconf 75' lang='lat' dir='ltr'><strong>diisset,</strong></span> <span class='ocrx_word' id='word_1_30' title='bbox 777 635 851 680; x_wconf 86' lang='lat' dir='ltr'><strong>eum</strong></span> <span class='ocrx_word' id='word_1_31' title='bbox 872 636 939 680; x_wconf 88' lang='lat' dir='ltr'><strong>non</strong></span> <span class='ocrx_word' id='word_1_32' title='bbox 962 615 1089 697; x_wconf 84' lang='lat' dir='ltr'><strong>virtute,</strong></span> <span class='ocrx_word' id='word_1_33' title='bbox 1110 613 1159 677; x_wconf 91' lang='lat' dir='ltr'><strong>sed</strong></span> 
     </span>
     <span class='ocr_line' id='line_1_6' title="bbox 109 700 1190 791; baseline -0.006 -20"><span class='ocrx_word' id='word_1_34' title='bbox 109 722 142 772; x_wconf 71' lang='lat' dir='ltr'><strong>eu</strong></span> <span class='ocrx_word' id='word_1_35' title='bbox 162 705 283 770; x_wconf 89' lang='lat' dir='ltr'><strong>scelere</strong></span> <span class='ocrx_word' id='word_1_36' title='bbox 305 708 502 791; x_wconf 88' lang='lat' dir='ltr'><strong>superatum.</strong></span> <span class='ocrx_word' id='word_1_37' title='bbox 537 702 658 768; x_wconf 82' lang='lat' dir='ltr'><strong>Utrum</strong></span> <span class='ocrx_word' id='word_1_38' title='bbox 681 703 783 788; x_wconf 84' lang='lat' dir='ltr'><strong>igitur</strong></span> <span class='ocrx_word' id='word_1_39' title='bbox 805 703 919 767; x_wconf 89' lang='lat' dir='ltr'><strong>utilius</strong></span> <span class='ocrx_word' id='word_1_40' title='bbox 941 702 994 767; x_wconf 84' lang='lat' dir='ltr'><strong>uel</strong></span> <span class='ocrx_word' id='word_1_41' title='bbox 1012 700 1159 783; x_wconf 85' lang='lat' dir='ltr'><strong>Fabricio,</strong></span> <span class='ocrx_word' id='word_1_42' title='bbox 1180 718 1190 758; x_wconf 83' lang='lat'><strong>⁵</strong></span> 
     </span>
     <span class='ocr_line' id='line_1_7' title="bbox 161 788 1159 878; baseline -0.007 -20"><span class='ocrx_word' id='word_1_43' title='bbox 161 793 218 878; x_wconf 89' lang='lat' dir='ltr'><strong>qui</strong></span> <span class='ocrx_word' id='word_1_44' title='bbox 240 794 317 860; x_wconf 86' lang='lat' dir='ltr'><strong>talis</strong></span> <span class='ocrx_word' id='word_1_45' title='bbox 340 794 375 856; x_wconf 90' lang='lat' dir='ltr'><strong>in</strong></span> <span class='ocrx_word' id='word_1_46' title='bbox 396 793 458 858; x_wconf 88' lang='lat' dir='ltr'><strong>hac</strong></span> <span class='ocrx_word' id='word_1_47' title='bbox 480 791 575 875; x_wconf 89' lang='lat' dir='ltr'><strong>urbe,</strong></span> <span class='ocrx_word' id='word_1_48' title='bbox 604 791 710 874; x_wconf 90' lang='lat' dir='ltr'><strong>qualis</strong></span> <span class='ocrx_word' id='word_1_49' title='bbox 734 788 896 856; x_wconf 80' lang='lat' dir='ltr'><strong>Aristides</strong></span> <span class='ocrx_word' id='word_1_50' title='bbox 914 789 1071 872; x_wconf 81' lang='lat' dir='ltr'><strong>Athenis,</strong></span> <span class='ocrx_word' id='word_1_51' title='bbox 1096 788 1159 870; x_wconf 83' lang='lat' dir='ltr'><strong>luit,</strong></span> 
     </span>
     <span class='ocr_line' id='line_1_8' title="bbox 161 876 1160 963; baseline -0.006 -17"><span class='ocrx_word' id='word_1_52' title='bbox 161 882 214 946; x_wconf 88' lang='lat' dir='ltr'><strong>vel</strong></span> <span class='ocrx_word' id='word_1_53' title='bbox 237 881 365 947; x_wconf 89' lang='lat' dir='ltr'><strong>senatui</strong></span> <span class='ocrx_word' id='word_1_54' title='bbox 387 883 514 962; x_wconf 90' lang='lat' dir='ltr'><strong>nostro,</strong></span> <span class='ocrx_word' id='word_1_55' title='bbox 544 879 601 962; x_wconf 91' lang='lat' dir='ltr'><strong>qui</strong></span> <span class='ocrx_word' id='word_1_56' title='bbox 622 899 801 962; x_wconf 76' lang='lat' dir='ltr'><strong>numquam</strong></span> <span class='ocrx_word' id='word_1_57' title='bbox 824 877 1003 943; x_wconf 80' lang='lat' dir='ltr'><strong>utilitatem</strong></span> <span class='ocrx_word' id='word_1_58' title='bbox 1027 900 1048 943; x_wconf 90' lang='lat' dir='ltr'><strong>a</strong></span> <span class='ocrx_word' id='word_1_59' title='bbox 1069 876 1160 963; x_wconf 80' lang='lat' dir='ltr'><strong>digni·</strong></span> 
     </span>
     <span class='ocr_line' id='line_1_9' title="bbox 161 964 1160 1051; baseline -0.004 -19"><span class='ocrx_word' id='word_1_60' title='bbox 161 973 230 1034; x_wconf 86' lang='lat' dir='ltr'><strong>tate</strong></span> <span class='ocrx_word' id='word_1_61' title='bbox 258 968 412 1051; x_wconf 84' lang='lat' dir='ltr'><strong>seiunxit,</strong></span> <span class='ocrx_word' id='word_1_62' title='bbox 444 966 543 1032; x_wconf 86' lang='lat' dir='ltr'><strong>armis</strong></span> <span class='ocrx_word' id='word_1_63' title='bbox 571 988 644 1031; x_wconf 88' lang='lat' dir='ltr'><strong>cum</strong></span> <span class='ocrx_word' id='word_1_64' title='bbox 671 966 766 1032; x_wconf 88' lang='lat' dir='ltr'><strong>hoste</strong></span> <span class='ocrx_word' id='word_1_65' title='bbox 793 969 919 1032; x_wconf 86' lang='lat' dir='ltr'><strong>certare</strong></span> <span class='ocrx_word' id='word_1_66' title='bbox 947 987 989 1031; x_wconf 89' lang='lat' dir='ltr'><strong>an</strong></span> <span class='ocrx_word' id='word_1_67' title='bbox 1017 964 1160 1030; x_wconf 79' lang='lat' dir='ltr'><strong>uenenis?</strong></span> 
     </span>
     <span class='ocr_line' id='line_1_10' title="bbox 162 1053 1160 1141; baseline -0.004 -21"><span class='ocrx_word' id='word_1_68' title='bbox 162 1055 198 1120; x_wconf 90' lang='lat' dir='ltr'><strong>Si</strong></span> <span class='ocrx_word' id='word_1_69' title='bbox 229 1056 353 1141; x_wconf 79' lang='lat' dir='ltr'><strong>gloriae</strong></span> <span class='ocrx_word' id='word_1_70' title='bbox 385 1075 483 1121; x_wconf 87' lang='lat' dir='ltr'><strong>causa</strong></span> <span class='ocrx_word' id='word_1_71' title='bbox 513 1054 686 1139; x_wconf 88' lang='lat' dir='ltr'><strong>imperium</strong></span> <span class='ocrx_word' id='word_1_72' title='bbox 716 1054 934 1138; x_wconf 87' lang='lat' dir='ltr'><strong>expetundum</strong></span> <span class='ocrx_word' id='word_1_73' title='bbox 965 1056 1031 1136; x_wconf 86' lang='lat' dir='ltr'><strong>cst,</strong></span> <span class='ocrx_word' id='word_1_74' title='bbox 1067 1053 1160 1119; x_wconf 87' lang='lat' dir='ltr'><strong>scelus</strong></span> 
     </span>
    </p>

    <p class='ocr_par' dir='ltr' id='par_1_5' title="bbox 78 1141 1230 3601">
     <span class='ocr_line' id='line_1_11' title="bbox 163 1141 1192 1229; baseline -0.007 -19"><span class='ocrx_word' id='word_1_75' title='bbox 163 1143 263 1226; x_wconf 87' lang='lat' dir='ltr'><strong>absit,</strong></span> <span class='ocrx_word' id='word_1_76' title='bbox 289 1144 412 1229; x_wconf 88' lang='lat' dir='ltr'><strong>inquo</strong></span> <span class='ocrx_word' id='word_1_77' title='bbox 433 1164 500 1207; x_wconf 91' lang='lat' dir='ltr'><strong>non</strong></span> <span class='ocrx_word' id='word_1_78' title='bbox 520 1145 632 1228; x_wconf 86' lang='lat' dir='ltr'><strong>potest</strong></span> <span class='ocrx_word' id='word_1_79' title='bbox 654 1163 725 1207; x_wconf 87' lang='lat' dir='ltr'><strong>asse</strong></span> <span class='ocrx_word' id='word_1_80' title='bbox 747 1141 867 1228; x_wconf 75' lang='lat' dir='ltr'><strong>gloria3</strong></span> <span class='ocrx_word' id='word_1_81' title='bbox 895 1142 947 1206; x_wconf 89' lang='lat' dir='ltr'><strong>sin</strong></span> <span class='ocrx_word' id='word_1_82' title='bbox 974 1141 1066 1226; x_wconf 86' lang='lat' dir='ltr'><strong>ipsae</strong></span> <span class='ocrx_word' id='word_1_83' title='bbox 1092 1161 1161 1226; x_wconf 88' lang='lat' dir='ltr'><strong>opos</strong></span> <span class='ocrx_word' id='word_1_84' title='bbox 1173 1157 1192 1195; x_wconf 82' lang='lat'><strong>1⁰</strong></span> 
     </span>
     <span class='ocr_line' id='line_1_12' title="bbox 162 1228 1162 1317; baseline -0.006 -20"><span class='ocrx_word' id='word_1_85' title='bbox 162 1235 357 1317; x_wconf 85' lang='lat' dir='ltr'><strong>expetuntur</strong></span> <span class='ocrx_word' id='word_1_86' title='bbox 384 1252 513 1316; x_wconf 93' lang='lat' dir='ltr'><strong>quoquo</strong></span> <span class='ocrx_word' id='word_1_87' title='bbox 548 1228 659 1314; x_wconf 86' lang='lat' dir='ltr'><strong>modo,</strong></span> <span class='ocrx_word' id='word_1_88' title='bbox 688 1251 755 1295; x_wconf 92' lang='lat' dir='ltr'><strong>non</strong></span> <span class='ocrx_word' id='word_1_89' title='bbox 785 1232 940 1314; x_wconf 90' lang='lat' dir='ltr'><strong>poterunt</strong></span> <span class='ocrx_word' id='word_1_90' title='bbox 971 1230 1070 1295; x_wconf 87' lang='lat' dir='ltr'><strong>utiles</strong></span> <span class='ocrx_word' id='word_1_91' title='bbox 1101 1249 1162 1294; x_wconf 86' lang='lat' dir='ltr'><strong>esse</strong></span> 
     </span>
     <span class='ocr_line' id='line_1_13' title="bbox 162 1315 1162 1404; baseline -0.008 -18"><span class='ocrx_word' id='word_1_92' title='bbox 162 1343 236 1386; x_wconf 91' lang='lat' dir='ltr'><strong>cum</strong></span> <span class='ocrx_word' id='word_1_93' title='bbox 257 1319 401 1386; x_wconf 85' lang='lat' dir='ltr'><strong>infamia.</strong></span> <span class='ocrx_word' id='word_1_94' title='bbox 445 1317 522 1384; x_wconf 90' lang='lat' dir='ltr'><strong>Non</strong></span> <span class='ocrx_word' id='word_1_95' title='bbox 543 1319 646 1404; x_wconf 84' lang='lat' dir='ltr'><strong>igitur</strong></span> <span class='ocrx_word' id='word_1_96' title='bbox 667 1316 842 1382; x_wconf 87' lang='lat' dir='ltr'><strong>utilis·illa</strong></span> <span class='ocrx_word' id='word_1_97' title='bbox 863 1317 898 1382; x_wconf 89' lang='lat' dir='ltr'><strong>L.</strong></span> <span class='ocrx_word' id='word_1_98' title='bbox 921 1316 1068 1403; x_wconf 90' lang='lat' dir='ltr'><strong>Philippi</strong></span> <span class='ocrx_word' id='word_1_99' title='bbox 1090 1315 1124 1393; x_wconf 83' lang='lat' dir='ltr'><strong>Q.</strong></span> <span class='ocrx_word' id='word_1_100' title='bbox 1143 1315 1162 1378; x_wconf 84' lang='lat' dir='ltr'><strong>f.</strong></span> 
     </span>
     <span class='ocr_line' id='line_1_14' title="bbox 163 1403 1163 1493; baseline -0.006 -20"><span class='ocrx_word' id='word_1_101' title='bbox 163 1409 337 1493; x_wconf 89' lang='lat' dir='ltr'><strong>sententia,</strong></span> <span class='ocrx_word' id='word_1_102' title='bbox 365 1429 446 1492; x_wconf 90' lang='lat' dir='ltr'><strong>quas</strong></span> <span class='ocrx_word' id='word_1_103' title='bbox 473 1407 622 1472; x_wconf 80' lang='lat' dir='ltr'><strong>civitates</strong></span> <span class='ocrx_word' id='word_1_104' title='bbox 644 1405 680 1470; x_wconf 88' lang='lat' dir='ltr'><strong>L.</strong></span> <span class='ocrx_word' id='word_1_105' title='bbox 703 1403 796 1472; x_wconf 83' lang='lat' dir='ltr'><strong>Sulla</strong></span> <span class='ocrx_word' id='word_1_106' title='bbox 817 1405 954 1491; x_wconf 79' lang='lat' dir='ltr'><strong>pecunia</strong></span> <span class='ocrx_word' id='word_1_107' title='bbox 976 1410 1110 1490; x_wconf 88' lang='lat' dir='ltr'><strong>accepta</strong></span> <span class='ocrx_word' id='word_1_108' title='bbox 1130 1425 1163 1469; x_wconf 83' lang='lat' dir='ltr'><strong>er</strong></span> 
     </span>
     <span class='ocr_line' id='line_1_15' title="bbox 163 1493 1162 1577; baseline -0.008 -15"><span class='ocrx_word' id='word_1_109' title='bbox 163 1501 294 1563; x_wconf 86' lang='lat' dir='ltr'><strong>senatus</strong></span> <span class='ocrx_word' id='word_1_110' title='bbox 317 1495 467 1562; x_wconf 91' lang='lat' dir='ltr'><strong>consulto</strong></span> <span class='ocrx_word' id='word_1_111' title='bbox 489 1494 704 1577; x_wconf 79' lang='lat' dir='ltr'><strong>liberavisset,</strong></span> <span class='ocrx_word' id='word_1_112' title='bbox 726 1497 765 1558; x_wconf 91' lang='lat' dir='ltr'><strong>nt</strong></span> <span class='ocrx_word' id='word_1_113' title='bbox 787 1514 843 1558; x_wconf 84' lang='lat' dir='ltr'><strong>ese</strong></span> <span class='ocrx_word' id='word_1_114' title='bbox 862 1515 974 1558; x_wconf 88' lang='lat' dir='ltr'><strong>rursus</strong></span> <span class='ocrx_word' id='word_1_115' title='bbox 992 1493 1079 1559; x_wconf 86' lang='lat' dir='ltr'><strong>vecti</strong></span> <span class='ocrx_word' id='word_1_116' title='bbox 1103 1494 1162 1558; x_wconf 90' lang='lat' dir='ltr'><strong>ales</strong></span> 
     </span>
     <span class='ocr_line' id='line_1_16' title="bbox 163 1515 1194 1666; baseline -0.006 -16"><span class='ocrx_word' id='word_1_117' title='bbox 163 1589 271 1650; x_wconf 88' lang='lat' dir='ltr'><strong>essent</strong></span> <span class='ocrx_word' id='word_1_118' title='bbox 292 1604 396 1666; x_wconf 88' lang='lat' dir='ltr'><strong>neque</strong></span> <span class='ocrx_word' id='word_1_119' title='bbox 418 1582 460 1646; x_wconf 89' lang='lat' dir='ltr'><strong>iis</strong></span> <span class='ocrx_word' id='word_1_120' title='bbox 486 1581 673 1666; x_wconf 84' lang='lat' dir='ltr'><strong>pecuniam,</strong></span> <span class='ocrx_word' id='word_1_121' title='bbox 700 1602 798 1666; x_wconf 89' lang='lat' dir='ltr'><strong>quam</strong></span> <span class='ocrx_word' id='word_1_122' title='bbox 820 1603 880 1666; x_wconf 87' lang='lat' dir='ltr'><strong>pro</strong></span> <span class='ocrx_word' id='word_1_123' title='bbox 903 1581 1058 1647; x_wconf 89' lang='lat' dir='ltr'><strong>libertate</strong></span> <span class='ocrx_word' id='word_1_124' title='bbox 1080 1515 1163 1645; x_wconf 72' lang='lat' dir='ltr'><strong>dede</strong></span> <span class='ocrx_word' id='word_1_125' title='bbox 1175 1595 1194 1636; x_wconf 82' lang='lat'><strong>1⁵</strong></span> 
     </span>
     <span class='ocr_line' id='line_1_17' title="bbox 162 1667 1230 1771; baseline -0.005 -34"><span class='ocrx_word' id='word_1_126' title='bbox 162 1676 250 1755; x_wconf 87' lang='lat' dir='ltr'><strong>rant,</strong></span> <span class='ocrx_word' id='word_1_127' title='bbox 269 1670 495 1771; x_wconf 64' lang='lat' dir='ltr'><strong>redderemus.</strong></span> <span class='ocrx_word' id='word_1_128' title='bbox 539 1667 744 1769; x_wconf 35' lang='lat' dir='ltr'><strong>lli-senatus</strong></span> <span class='ocrx_word' id='word_1_129' title='bbox 777 1673 827 1735; x_wconf 91' lang='lat' dir='ltr'><strong>est</strong></span> <span class='ocrx_word' id='word_1_130' title='bbox 860 1691 1021 1735; x_wconf 88' lang='lat' dir='ltr'><strong>assensus.</strong></span> <span class='ocrx_word' id='word_1_131' title='bbox 1066 1671 1163 1754; x_wconf 85' lang='lat' dir='ltr'><strong>Turpe</strong></span> <span class='ocrx_word' id='word_1_132' title='bbox 1229 1715 1230 1752; x_wconf 67' lang='lat'><strong>,</strong></span> 
     </span>
     <span class='ocr_line' id='line_1_18' title="bbox 161 1757 1164 1932; baseline -0.005 -21"><span class='ocrx_word' id='word_1_133' title='bbox 161 1760 327 1913; x_wconf 56' lang='lat' dir='ltr'><strong>uult</strong></span> <span class='ocrx_word' id='word_1_134' title='bbox 341 1762 536 1932; x_wconf 50' lang='lat' dir='ltr'><strong>ibiibi,</strong></span> <span class='ocrx_word' id='word_1_135' title='bbox 549 1778 639 1911; x_wconf 64' lang='lat' dir='ltr'><strong>tlt</strong></span> <span class='ocrx_word' id='word_1_136' title='bbox 663 1757 779 1931; x_wconf 49' lang='lat' dir='ltr'><strong>llil?</strong></span> <span class='ocrx_word' id='word_1_137' title='bbox 805 1757 1164 1929; x_wconf 53' lang='lat' dir='ltr'><strong>{bellttum</strong></span> 
     </span>
     <span class='ocr_line' id='line_1_19' title="bbox 110 1933 1164 2020; baseline -0.005 -20"><span class='ocrx_word' id='word_1_138' title='bbox 110 1950 143 2000; x_wconf 77' lang='lat'><strong>88</strong></span> <span class='ocrx_word' id='word_1_139' title='bbox 163 1935 267 2002; x_wconf 79' lang='lat' dir='ltr'><strong>dicere</strong></span> <span class='ocrx_word' id='word_1_140' title='bbox 299 1934 471 2020; x_wconf 87' lang='lat' dir='ltr'><strong>quicquam</strong></span> <span class='ocrx_word' id='word_1_141' title='bbox 498 1933 592 2017; x_wconf 90' lang='lat' dir='ltr'><strong>utile,</strong></span> <span class='ocrx_word' id='word_1_142' title='bbox 624 1933 710 2018; x_wconf 91' lang='lat' dir='ltr'><strong>quod</strong></span> <span class='ocrx_word' id='word_1_143' title='bbox 741 1954 807 1998; x_wconf 89' lang='lat' dir='ltr'><strong>non</strong></span> <span class='ocrx_word' id='word_1_144' title='bbox 833 1933 1029 1998; x_wconf 77' lang='lat' dir='ltr'><strong>honestum?</strong></span> <span class='ocrx_word' id='word_1_145' title='bbox 1062 1935 1164 2020; x_wconf 86' lang='lat' dir='ltr'><strong>potest</strong></span> 
     </span>
     <span class='ocr_line' id='line_1_20' title="bbox 162 2020 1196 2108; baseline -0.008 -18"><span class='ocrx_word' id='word_1_146' title='bbox 162 2028 272 2090; x_wconf 85' lang='lat' dir='ltr'><strong>eutem</strong></span> <span class='ocrx_word' id='word_1_147' title='bbox 294 2024 355 2088; x_wconf 90' lang='lat' dir='ltr'><strong>ulli</strong></span> <span class='ocrx_word' id='word_1_148' title='bbox 375 2022 522 2108; x_wconf 87' lang='lat' dir='ltr'><strong>imperio,</strong></span> <span class='ocrx_word' id='word_1_149' title='bbox 545 2021 631 2106; x_wconf 92' lang='lat' dir='ltr'><strong>quod</strong></span> <span class='ocrx_word' id='word_1_150' title='bbox 654 2022 761 2108; x_wconf 80' lang='lat' dir='ltr'><strong>gloria</strong></span> <span class='ocrx_word' id='word_1_151' title='bbox 783 2020 878 2086; x_wconf 89' lang='lat' dir='ltr'><strong>debet</strong></span> <span class='ocrx_word' id='word_1_152' title='bbox 900 2021 1022 2086; x_wconf 87' lang='lat' dir='ltr'><strong>fultum</strong></span> <span class='ocrx_word' id='word_1_153' title='bbox 1046 2043 1115 2087; x_wconf 88' lang='lat' dir='ltr'><strong>esse</strong></span> <span class='ocrx_word' id='word_1_154' title='bbox 1136 2024 1196 2085; x_wconf 78' lang='lat' dir='ltr'><strong>eta</strong></span> 
     </span>
     <span class='ocr_line' id='line_1_21' title="bbox 161 2108 1164 2193; baseline -0.006 -17"><span class='ocrx_word' id='word_1_155' title='bbox 161 2111 381 2177; x_wconf 88' lang='lat' dir='ltr'><strong>benivolentia</strong></span> <span class='ocrx_word' id='word_1_156' title='bbox 407 2109 583 2193; x_wconf 86' lang='lat' dir='ltr'><strong>sociorum,</strong></span> <span class='ocrx_word' id='word_1_157' title='bbox 609 2109 691 2174; x_wconf 87' lang='lat' dir='ltr'><strong>utile</strong></span> <span class='ocrx_word' id='word_1_158' title='bbox 719 2131 789 2174; x_wconf 88' lang='lat' dir='ltr'><strong>esse</strong></span> <span class='ocrx_word' id='word_1_159' title='bbox 816 2109 926 2175; x_wconf 92' lang='lat' dir='ltr'><strong>odium</strong></span> <span class='ocrx_word' id='word_1_160' title='bbox 953 2113 987 2174; x_wconf 88' lang='lat' dir='ltr'><strong>ct</strong></span> <span class='ocrx_word' id='word_1_161' title='bbox 1012 2108 1164 2174; x_wconf 84' lang='lat' dir='ltr'><strong>infernis?</strong></span> 
     </span>
     <span class='ocr_line' id='line_1_22' title="bbox 161 2195 1229 2284; baseline -0.005 -21"><span class='ocrx_word' id='word_1_162' title='bbox 161 2199 234 2284; x_wconf 81' lang='lat' dir='ltr'><strong>Ego</strong></span> <span class='ocrx_word' id='word_1_163' title='bbox 267 2198 366 2262; x_wconf 83' lang='lat' dir='ltr'><strong>etiam</strong></span> <span class='ocrx_word' id='word_1_164' title='bbox 399 2219 472 2262; x_wconf 91' lang='lat' dir='ltr'><strong>cum</strong></span> <span class='ocrx_word' id='word_1_165' title='bbox 503 2195 629 2264; x_wconf 84' lang='lat' dir='ltr'><strong>Catone</strong></span> <span class='ocrx_word' id='word_1_166' title='bbox 660 2219 732 2264; x_wconf 89' lang='lat' dir='ltr'><strong>meo</strong></span> <span class='ocrx_word' id='word_1_167' title='bbox 764 2219 859 2283; x_wconf 84' lang='lat' dir='ltr'><strong>saepe</strong></span> <span class='ocrx_word' id='word_1_168' title='bbox 891 2197 1043 2282; x_wconf 81' lang='lat' dir='ltr'><strong>dissensi3</strong></span> <span class='ocrx_word' id='word_1_169' title='bbox 1074 2197 1164 2264; x_wconf 90' lang='lat' dir='ltr'><strong>nimis</strong></span> <span class='ocrx_word' id='word_1_170' title='bbox 1228 2273 1229 2278; x_wconf 5' lang='grc' dir='ltr'>ἵ</span> 
     </span>
     <span class='ocr_line' id='line_1_23' title="bbox 162 2283 1229 2371; baseline -0.004 -19"><span class='ocrx_word' id='word_1_171' title='bbox 162 2286 244 2352; x_wconf 90' lang='lat' dir='ltr'><strong>mihi</strong></span> <span class='ocrx_word' id='word_1_172' title='bbox 270 2285 450 2370; x_wconf 85' lang='lat' dir='ltr'><strong>praefracte</strong></span> <span class='ocrx_word' id='word_1_173' title='bbox 476 2283 648 2350; x_wconf 84' lang='lat' dir='ltr'><strong>videbatur</strong></span> <span class='ocrx_word' id='word_1_174' title='bbox 674 2285 834 2352; x_wconf 73' lang='lat' dir='ltr'><strong>namnum</strong></span> <span class='ocrx_word' id='word_1_175' title='bbox 858 2286 1098 2371; x_wconf 72' lang='lat' dir='ltr'><strong>vectigaliaque</strong></span> <span class='ocrx_word' id='word_1_176' title='bbox 1119 2285 1165 2350; x_wconf 83' lang='lat' dir='ltr'><strong>de</strong></span> <span class='ocrx_word' id='word_1_177' title='bbox 1228 2305 1229 2322; x_wconf 61' lang='lat'>¹</span> 
     </span>
     <span class='ocr_line' id='line_1_24' title="bbox 161 2372 1164 2460; baseline 0 -22"><span class='ocrx_word' id='word_1_178' title='bbox 161 2373 305 2458; x_wconf 76' lang='lat' dir='ltr'><strong>fondere,¹</strong></span> <span class='ocrx_word' id='word_1_179' title='bbox 332 2373 441 2439; x_wconf 82' lang='lat' dir='ltr'><strong>omnis</strong></span> <span class='ocrx_word' id='word_1_180' title='bbox 462 2372 644 2458; x_wconf 84' lang='lat' dir='ltr'><strong>publicanis</strong></span> <span class='ocrx_word' id='word_1_181' title='bbox 667 2395 801 2460; x_wconf 79' lang='lat' dir='ltr'><strong>negare,</strong></span> <span class='ocrx_word' id='word_1_182' title='bbox 827 2374 931 2440; x_wconf 87' lang='lat' dir='ltr'><strong>multa</strong></span> <span class='ocrx_word' id='word_1_183' title='bbox 959 2374 1070 2459; x_wconf 89' lang='lat' dir='ltr'><strong>sociis,</strong></span> <span class='ocrx_word' id='word_1_184' title='bbox 1097 2393 1164 2440; x_wconf 88' lang='lat' dir='ltr'><strong>cum</strong></span> 
     </span>
     <span class='ocr_line' id='line_1_25' title="bbox 161 2460 1196 2549; baseline 0 -22"><span class='ocrx_word' id='word_1_185' title='bbox 161 2463 197 2527; x_wconf 90' lang='lat' dir='ltr'><strong>in</strong></span> <span class='ocrx_word' id='word_1_186' title='bbox 218 2461 279 2526; x_wconf 89' lang='lat' dir='ltr'><strong>hos</strong></span> <span class='ocrx_word' id='word_1_187' title='bbox 300 2460 438 2527; x_wconf 86' lang='lat' dir='ltr'><strong>benefici</strong></span> <span class='ocrx_word' id='word_1_188' title='bbox 464 2481 535 2528; x_wconf 87' lang='lat' dir='ltr'><strong>esso</strong></span> <span class='ocrx_word' id='word_1_189' title='bbox 561 2461 765 2546; x_wconf 88' lang='lat' dir='ltr'><strong>deberemus,</strong></span> <span class='ocrx_word' id='word_1_190' title='bbox 793 2485 868 2530; x_wconf 90' lang='lat' dir='ltr'><strong>cum</strong></span> <span class='ocrx_word' id='word_1_191' title='bbox 894 2461 961 2527; x_wconf 88' lang='lat' dir='ltr'><strong>illis</strong></span> <span class='ocrx_word' id='word_1_192' title='bbox 989 2462 1037 2529; x_wconf 91' lang='lat' dir='ltr'><strong>sic</strong></span> <span class='ocrx_word' id='word_1_193' title='bbox 1065 2483 1163 2549; x_wconf 79' lang='lat' dir='ltr'><strong>agere,</strong></span> <span class='ocrx_word' id='word_1_194' title='bbox 1176 2473 1196 2514; x_wconf 79' lang='lat'><strong>²⁵</strong></span> 
     </span>
     <span class='ocr_line' id='line_1_26' title="bbox 160 2548 1164 2636; baseline -0.001 -21"><span class='ocrx_word' id='word_1_195' title='bbox 160 2554 199 2615; x_wconf 90' lang='lat' dir='ltr'><strong>ut</strong></span> <span class='ocrx_word' id='word_1_196' title='bbox 222 2569 295 2614; x_wconf 91' lang='lat' dir='ltr'><strong>cum</strong></span> <span class='ocrx_word' id='word_1_197' title='bbox 317 2549 441 2615; x_wconf 91' lang='lat' dir='ltr'><strong>colonis</strong></span> <span class='ocrx_word' id='word_1_198' title='bbox 462 2549 585 2616; x_wconf 88' lang='lat' dir='ltr'><strong>nostris</strong></span> <span class='ocrx_word' id='word_1_199' title='bbox 608 2551 794 2633; x_wconf 89' lang='lat' dir='ltr'><strong>soleremus,</strong></span> <span class='ocrx_word' id='word_1_200' title='bbox 816 2571 918 2634; x_wconf 91' lang='lat' dir='ltr'><strong>eoque</strong></span> <span class='ocrx_word' id='word_1_201' title='bbox 941 2550 1062 2636; x_wconf 80' lang='lat' dir='ltr'><strong>magis,</strong></span> <span class='ocrx_word' id='word_1_202' title='bbox 1085 2548 1164 2634; x_wconf 91' lang='lat' dir='ltr'><strong>quod</strong></span> 
     </span>
     <span class='ocr_line' id='line_1_27' title="bbox 78 2637 1166 2727; baseline -0.002 -25"><span class='ocrx_word' id='word_1_203' title='bbox 78 2721 81 2727; x_wconf 13' lang='grc' dir='ltr'><strong>Α</strong></span> <span class='ocrx_word' id='word_1_204' title='bbox 161 2638 221 2702; x_wconf 85' lang='lat' dir='ltr'><strong>ills</strong></span> <span class='ocrx_word' id='word_1_205' title='bbox 247 2637 396 2703; x_wconf 86' lang='lat' dir='ltr'><strong>ordinum</strong></span> <span class='ocrx_word' id='word_1_206' title='bbox 424 2637 606 2705; x_wconf 89' lang='lat' dir='ltr'><strong>coniunctio</strong></span> <span class='ocrx_word' id='word_1_207' title='bbox 634 2638 675 2704; x_wconf 86' lang='lat' dir='ltr'><strong>ad</strong></span> <span class='ocrx_word' id='word_1_208' title='bbox 698 2639 836 2704; x_wconf 87' lang='lat' dir='ltr'><strong>salutem</strong></span> <span class='ocrx_word' id='word_1_209' title='bbox 859 2638 907 2704; x_wconf 92' lang='lat' dir='ltr'><strong>rei</strong></span> <span class='ocrx_word' id='word_1_210' title='bbox 927 2639 1078 2724; x_wconf 85' lang='lat' dir='ltr'><strong>publicae</strong></span> <span class='ocrx_word' id='word_1_211' title='bbox 1100 2659 1166 2723; x_wconf 89' lang='lat' dir='ltr'><strong>per·</strong></span> 
     </span>
     <span class='ocr_line' id='line_1_28' title="bbox 161 2725 1165 2812; baseline -0.002 -21"><span class='ocrx_word' id='word_1_212' title='bbox 161 2726 296 2792; x_wconf 87' lang='lat' dir='ltr'><strong>tinebat.</strong></span> <span class='ocrx_word' id='word_1_213' title='bbox 341 2725 429 2792; x_wconf 87' lang='lat' dir='ltr'><strong>Male</strong></span> <span class='ocrx_word' id='word_1_214' title='bbox 453 2726 553 2794; x_wconf 88' lang='lat' dir='ltr'><strong>etiam</strong></span> <span class='ocrx_word' id='word_1_215' title='bbox 575 2725 687 2810; x_wconf 80' lang='lat' dir='ltr'><strong>Curio,</strong></span> <span class='ocrx_word' id='word_1_216' title='bbox 714 2748 787 2792; x_wconf 89' lang='lat' dir='ltr'><strong>cum</strong></span> <span class='ocrx_word' id='word_1_217' title='bbox 814 2747 945 2792; x_wconf 85' lang='lat' dir='ltr'><strong>causam</strong></span> <span class='ocrx_word' id='word_1_218' title='bbox 969 2725 1165 2812; x_wconf 83' lang='lat' dir='ltr'><strong>Transpada·</strong></span> 
     </span>
     <span class='ocr_line' id='line_1_29' title="bbox 160 2814 1228 2900; baseline -0.007 -20"><span class='ocrx_word' id='word_1_219' title='bbox 160 2835 278 2880; x_wconf 88' lang='lat' dir='ltr'><strong>norum</strong></span> <span class='ocrx_word' id='word_1_220' title='bbox 300 2836 438 2899; x_wconf 85' lang='lat' dir='ltr'><strong>aequam</strong></span> <span class='ocrx_word' id='word_1_221' title='bbox 461 2836 531 2880; x_wconf 86' lang='lat' dir='ltr'><strong>esse</strong></span> <span class='ocrx_word' id='word_1_222' title='bbox 558 2814 699 2898; x_wconf 89' lang='lat' dir='ltr'><strong>dicebat,</strong></span> <span class='ocrx_word' id='word_1_223' title='bbox 727 2835 853 2900; x_wconf 85' lang='lat' dir='ltr'><strong>semper</strong></span> <span class='ocrx_word' id='word_1_224' title='bbox 880 2818 989 2880; x_wconf 83' lang='lat' dir='ltr'><strong>autem</strong></span> <span class='ocrx_word' id='word_1_225' title='bbox 1016 2814 1164 2879; x_wconf 84' lang='lat' dir='ltr'><strong>addebat:</strong></span> <span class='ocrx_word' id='word_1_226' title='bbox 1227 2865 1228 2874; x_wconf 74' lang='grc'>,</span> 
     </span>
     <span class='ocr_line' id='line_1_30' title="bbox 162 2900 1198 2986; baseline 0 -21"><span class='ocrx_word' id='word_1_227' title='bbox 162 2900 320 2967; x_wconf 80' lang='lat' dir='ltr'><strong>‘Vincat</strong></span> <span class='ocrx_word' id='word_1_228' title='bbox 341 2902 530 2968; x_wconf 61' lang='lat' dir='ltr'><strong>utilitas?</strong></span> <span class='ocrx_word' id='word_1_229' title='bbox 567 2901 680 2968; x_wconf 88' lang='lat' dir='ltr'><strong>Potius</strong></span> <span class='ocrx_word' id='word_1_230' title='bbox 704 2901 833 2968; x_wconf 89' lang='lat' dir='ltr'><strong>doceret</strong></span> <span class='ocrx_word' id='word_1_231' title='bbox 850 2925 916 2970; x_wconf 91' lang='lat' dir='ltr'><strong>uon</strong></span> <span class='ocrx_word' id='word_1_232' title='bbox 934 2923 1004 2967; x_wconf 87' lang='lat' dir='ltr'><strong>esso</strong></span> <span class='ocrx_word' id='word_1_233' title='bbox 1023 2923 1164 2986; x_wconf 87' lang='lat' dir='ltr'><strong>aequam,</strong></span> <span class='ocrx_word' id='word_1_234' title='bbox 1177 2914 1198 2954; x_wconf 78' lang='lat'><strong>³⁰</strong></span> 
     </span>
     <span class='ocr_line' id='line_1_31' title="bbox 162 2989 1166 3094; baseline -0.003 -39"><span class='ocrx_word' id='word_1_235' title='bbox 162 2989 326 3074; x_wconf 86' lang='lat' dir='ltr'><strong>quianon</strong></span> <span class='ocrx_word' id='word_1_236' title='bbox 348 2993 435 3094; x_wconf 73' lang='lat' dir='ltr'><strong>essct</strong></span> <span class='ocrx_word' id='word_1_237' title='bbox 457 2990 549 3056; x_wconf 89' lang='lat' dir='ltr'><strong>utilis</strong></span> <span class='ocrx_word' id='word_1_238' title='bbox 571 2991 618 3055; x_wconf 90' lang='lat' dir='ltr'><strong>rei</strong></span> <span class='ocrx_word' id='word_1_239' title='bbox 640 2991 805 3076; x_wconf 88' lang='lat' dir='ltr'><strong>publicae,</strong></span> <span class='ocrx_word' id='word_1_240' title='bbox 829 3012 936 3076; x_wconf 88' lang='lat' dir='ltr'><strong>quam,</strong></span> <span class='ocrx_word' id='word_1_241' title='bbox 958 3013 1032 3057; x_wconf 92' lang='lat' dir='ltr'><strong>cum</strong></span> <span class='ocrx_word' id='word_1_242' title='bbox 1053 2990 1166 3056; x_wconf 89' lang='lat' dir='ltr'><strong>utilem</strong></span> 
     </span>
     <span class='ocr_line' id='line_1_32' title="bbox 109 3077 1165 3234; baseline -0.002 -2"><span class='ocrx_word' id='word_1_243' title='bbox 109 3077 1033 3234; x_wconf 50' lang='lat' dir='ltr'><strong>‘²3nonPlbirbsdbosetmsidxidielibbludbnoifiibiisellllbcatonis</strong></span> <span class='ocrx_word' id='word_1_244' title='bbox 1051 3166 1165 3232; x_wconf 87' lang='lat' dir='ltr'><strong>talium</strong></span> 
     </span>
     <span class='ocr_line' id='line_1_33' title="bbox 109 3220 1165 3336; baseline 0.003 -19"><span class='ocrx_word' id='word_1_245' title='bbox 109 3220 141 3270; x_wconf 71' lang='lat'><strong>⁸⁹</strong></span> <span class='ocrx_word' id='word_1_246' title='bbox 161 3255 400 3336; x_wconf 86' lang='lat' dir='ltr'><strong>quaestionum:</strong></span> <span class='ocrx_word' id='word_1_247' title='bbox 430 3253 527 3320; x_wconf 74' lang='lat' dir='ltr'><strong>‘sitne</strong></span> <span class='ocrx_word' id='word_1_248' title='bbox 549 3254 628 3321; x_wconf 89' lang='lat' dir='ltr'><strong>boni</strong></span> <span class='ocrx_word' id='word_1_249' title='bbox 649 3255 712 3322; x_wconf 80' lang='lat' dir='ltr'><strong>viri</strong></span> <span class='ocrx_word' id='word_1_250' title='bbox 733 3255 769 3320; x_wconf 93' lang='lat' dir='ltr'><strong>in</strong></span> <span class='ocrx_word' id='word_1_251' title='bbox 791 3256 932 3321; x_wconf 84' lang='lat' dir='ltr'><strong>maxima</strong></span> <span class='ocrx_word' id='word_1_252' title='bbox 954 3255 1091 3321; x_wconf 87' lang='lat' dir='ltr'><strong>caritate</strong></span> <span class='ocrx_word' id='word_1_253' title='bbox 1114 3275 1165 3320; x_wconf 84' lang='lat' dir='ltr'><strong>an-</strong></span> 
     </span>
     <span class='ocr_line' id='line_1_34' title="bbox 159 3340 1200 3428; baseline 0.001 -25"><span class='ocrx_word' id='word_1_254' title='bbox 159 3361 264 3404; x_wconf 87' lang='lat' dir='ltr'><strong>nonae</strong></span> <span class='ocrx_word' id='word_1_255' title='bbox 277 3340 437 3408; x_wconf 82' lang='lat' dir='ltr'><strong>familiam</strong></span> <span class='ocrx_word' id='word_1_256' title='bbox 450 3363 517 3408; x_wconf 91' lang='lat' dir='ltr'><strong>uon</strong></span> <span class='ocrx_word' id='word_1_257' title='bbox 531 3341 636 3408; x_wconf 87' lang='lat' dir='ltr'><strong>alere&#39;.</strong></span> <span class='ocrx_word' id='word_1_258' title='bbox 667 3342 708 3408; x_wconf 87' lang='lat' dir='ltr'><strong>In</strong></span> <span class='ocrx_word' id='word_1_259' title='bbox 725 3347 897 3426; x_wconf 54' lang='lat' dir='ltr'><strong>utramfle</strong></span> <span class='ocrx_word' id='word_1_260' title='bbox 914 3347 1041 3428; x_wconf 87' lang='lat' dir='ltr'><strong>partem</strong></span> <span class='ocrx_word' id='word_1_261' title='bbox 1059 3341 1165 3427; x_wconf 82' lang='lat' dir='ltr'><strong>dispu·</strong></span> <span class='ocrx_word' id='word_1_262' title='bbox 1178 3351 1200 3394; x_wconf 76' lang='lat'><strong>³⁵</strong></span> 
     </span>
     <span class='ocr_line' id='line_1_35' title="bbox 160 3426 1167 3516; baseline 0.003 -25"><span class='ocrx_word' id='word_1_263' title='bbox 160 3429 224 3509; x_wconf 85' lang='lat' dir='ltr'><strong>tat,</strong></span> <span class='ocrx_word' id='word_1_264' title='bbox 247 3426 303 3490; x_wconf 88' lang='lat' dir='ltr'><strong>sed</strong></span> <span class='ocrx_word' id='word_1_265' title='bbox 325 3431 436 3494; x_wconf 89' lang='lat' dir='ltr'><strong>tamen</strong></span> <span class='ocrx_word' id='word_1_266' title='bbox 458 3429 499 3494; x_wconf 83' lang='lat' dir='ltr'><strong>ed</strong></span> <span class='ocrx_word' id='word_1_267' title='bbox 521 3432 702 3496; x_wconf 86' lang='lat' dir='ltr'><strong>extremum</strong></span> <span class='ocrx_word' id='word_1_268' title='bbox 725 3431 881 3515; x_wconf 88' lang='lat' dir='ltr'><strong>utilitate,</strong></span> <span class='ocrx_word' id='word_1_269' title='bbox 908 3435 946 3496; x_wconf 90' lang='lat' dir='ltr'><strong>ut</strong></span> <span class='ocrx_word' id='word_1_270' title='bbox 968 3433 1076 3516; x_wconf 83' lang='lat' dir='ltr'><strong>putat,</strong></span> <span class='ocrx_word' id='word_1_271' title='bbox 1100 3428 1167 3495; x_wconf 82' lang='lat' dir='ltr'><strong>olfi-</strong></span> 
     </span>
     <span class='ocr_line' id='line_1_36' title="bbox 160 3512 1168 3601; baseline 0.004 -23"><span class='ocrx_word' id='word_1_272' title='bbox 160 3513 244 3579; x_wconf 89' lang='lat' dir='ltr'><strong>cium</strong></span> <span class='ocrx_word' id='word_1_273' title='bbox 268 3512 387 3598; x_wconf 83' lang='lat' dir='ltr'><strong>derigit</strong></span> <span class='ocrx_word' id='word_1_274' title='bbox 410 3515 515 3600; x_wconf 80' lang='lat' dir='ltr'><strong>magis</strong></span> <span class='ocrx_word' id='word_1_275' title='bbox 540 3537 637 3599; x_wconf 88' lang='lat' dir='ltr'><strong>quam</strong></span> <span class='ocrx_word' id='word_1_276' title='bbox 659 3517 872 3584; x_wconf 86' lang='lat' dir='ltr'><strong>humanitate.</strong></span> <span class='ocrx_word' id='word_1_277' title='bbox 917 3517 1058 3601; x_wconf 80' lang='lat' dir='ltr'><strong>Quaerit,</strong></span> <span class='ocrx_word' id='word_1_278' title='bbox 1083 3517 1168 3582; x_wconf 87' lang='lat' dir='ltr'><strong>siin</strong></span> 
     </span>
    </p>
   </div>
   <div class='ocr_carea' id='block_1_4' title="bbox 0 0 1259 3950">
    <p class='ocr_par' dir='ltr' id='par_1_6' title="bbox 0 0 1259 3950">
     <span class='ocr_line' id='line_1_37' title="bbox 0 0 1259 3950; baseline 0 0"><span class='ocrx_word' id='word_1_279' title='bbox 0 0 1259 3950; x_wconf 95' lang='lat' dir='ltr'><strong> </strong></span> 
     </span>
    </p>
   </div>
  </div>
 </body>
</html>
