2570 3944
543 190 769 247 FRAGMENTA

356 394 420 455 XV.
452 393 505 454 DE
530 381 636 455 REGE
660 389 961 452 ALEXANDRINO.

226 534 253 597 1.
276 535 313 597 ut
336 532 457 616 rapiat,
478 535 516 594 ui
538 529 759 595 latrocineiur.

273 619 500 685 Vehementehris
513 623 546 683 et
562 618 723 682 invidiosis
739 615 837 683 aeriis
853 616 960 681 atitar.
992 616 1067 683 Nom
1084 619 1168 684 esim

200 709 298 775 dreit:
328 708 380 772 at
399 711 539 807 exposcat
558 705 766 782 hereditatem,
792 709 829 769 at
849 704 909 769 sihi
929 704 1085 789 vindmet',
1107 707 1169 788 sea,

200 818 260 880 qao
281 797 328 862 aet
349 797 484 859 maaime
499 795 603 875 pater
625 797 863 858 constemeretar
884 793 1095 858 audientiam:
1119 757 1169 859 uh
1197 810 1209 850 ⁵

201 883 330 970 rapiat',
352 883 460 966 inquit,
484 881 529 945 et
547 879 789 958 latrocinetur';
811 901 889 963 qaae
907 881 974 946 siae
990 881 1083 947 dabie
1104 902 1169 948 ream

201 973 281 1037 iaris
303 969 405 1048 verba,
432 970 485 1036 sert
509 969 629 1035 sceleris
651 969 690 1034 ab
712 969 804 1035 haias
825 969 910 1036 macti
930 970 1097 1052 mpiditate
1118 971 1169 1035 de·

201 1064 342 1124 terreant

223 1149 253 1213 2.
277 1144 312 1211 Si
338 1145 482 1210 hercle
473 1167 508 1211 m
533 1146 657 1212 nostris
684 1147 781 1211 rebus
804 1150 873 1212 tem
896 1167 985 1211 aeres
1009 1145 1050 1211 sd
1072 1168 1169 1231 pecu·

157 1237 259 1320 niam,
282 1239 351 1300 iam
375 1234 512 1318 adtenii,
535 1237 604 1300 tem
628 1235 718 1300 avari
741 1235 918 1299 soleremus
941 1255 1020 1300 esse.
1184 1252 1209 1290 1⁰

268 1323 379 1389 Dicere
399 1324 521 1406 quiderm
540 1324 722 1406 perieratiter
743 1323 875 1399 videtur,
901 1323 1023 1390 etiamsi
1044 1325 1080 1388 im
1098 1324 1167 1405 pri-

201 1414 282 1478 vatis
298 1413 440 1495 peeamis
462 1413 552 1476 avari
573 1411 709 1476 homines
730 1415 834 1489 essent,
856 1411 891 1474 im
907 1411 1042 1492 pahli'eis
1064 1416 1168 1478 tamem

201 1499 467 1583 disceptatiomhas
488 1519 552 1564 aon
573 1504 707 1581 oportere
729 1502 849 1563 tantam
866 1499 1062 1580 cupiditatem
1074 1519 1168 1580 poem-

201 1589 273 1653 miae
289 1586 446 1670 profiteri5
468 1587 521 1650 sei
536 1587 646 1669 praeiri
665 1586 756 1652 dabra
773 1585 854 1651 mitrii
870 1587 961 1651 atiud
976 1588 1049 1670 opit,
1071 1607 1168 1669 qaam

201 1681 237 1740 at
257 1675 306 1740 Μ.
328 1673 435 1739 (tressi
456 1692 554 1739 mores
575 1676 701 1754 demta,
724 1675 762 1739 de
782 1694 841 1756 qao
856 1679 982 1756 praeter
1003 1674 1169 1742 historiam
1183 1687 1208 1728 1⁵

196 1768 377 1845 praeterque
399 1762 514 1828 exitam
535 1763 643 1827 monis
664 1763 737 1845 eius,
759 1763 796 1826 ia
816 1782 910 1844 qiam
926 1782 1071 1845 praeceps
1092 1784 1169 1846 qao-

201 1853 276 1917 dam
301 1850 389 1916 modo
416 1851 494 1928 mit,
520 1869 590 1916 aem
616 1851 667 1916 aet
684 1851 875 1932 diripiendas
901 1848 1050 1916 Parthiae
1077 1852 1169 1918 arbes

202 1940 447 2022 opulentissimas
469 1899 661 2021 Euphratem
688 1939 858 2016 transisset,
885 1939 979 2003 etiam
1005 1940 1069 2021 ipse
1093 1940 1167 2005 Tat-

202 2029 264 2093 lias
285 2032 391 2092 ametor
412 2032 457 2092 est
477 2027 554 2092 libro
577 2028 664 2091 tertio
684 2027 720 2091 ele
737 2026 849 2108 offieiis
866 2024 933 2106 (aff.
951 2025 1080 2093 [1119.
1100 2030 1167 2112 75).

224 2115 255 2178 3
278 2113 340 2178 Sed
362 2117 485 2196 temen,
509 2135 590 2198 quoe
614 2117 690 2178 sunt
711 2117 826 2179 nostre
847 2113 978 2197 iudicia,
1181 2128 1208 2168 ²0

270 2202 483 2283 Temptaverat
503 2201 634 2268 Orassus
657 2203 834 2267 adsererme
854 2221 918 2267 mom
940 2164 1029 2272 semel
1050 2203 1087 2267 ‹te
1109 2201 1169 2270 hac

201 2289 334 2372 Aepppti
360 2289 535 2371 hereditate,
566 2290 619 2355 sed
640 2289 885 2372 frequentissime
906 2291 1168 2371 praeiudicatum,
1276 2313 1277 2326 ³

201 2398 238 2443 ae
251 2379 356 2459 prima
373 2378 494 2459 quidem
511 2377 565 2442 itta
583 2383 720 2460 tempore,
738 2397 796 2460 qao
810 2379 943 2459 pemeria
959 2379 1087 2460 repetita
1104 2399 1168 2445 esse

201 2466 240 2530 ab
270 2465 351 2549 Tyro
383 2470 413 2530 et
441 2467 565 2530 advecta
590 2464 724 2530 &mam
754 2466 912 2531 redebetur
941 2467 1071 2548 seposita
1098 2468 1167 2532 iam

201 2573 300 2635 reaper
320 2554 360 2618 ah
377 2554 478 2620 Ateaa
499 2574 574 2636 repe.
612 2553 838 2619 anarreadam
855 2559 899 2618 est
915 2555 1018 2636 ipimr,
1040 2559 1077 2618 at
1092 2554 1168 2620 haee
1181 2573 1207 2613 2⁵

175 2642 384 2724 ·refatentar,
414 2647 443 2706 et
467 2643 598 2724 inipso
624 2642 831 2724 propositione
858 2643 1020 2723 insipmiter
1045 2643 1166 2722 saetam

201 2734 257 2813 est,
278 2731 359 2812 qaod
380 2730 429 2795 his
449 2729 547 2795 verbis
568 2731 688 2812 iapredi
709 2731 811 2812 eoepit.
864 2760 866 2762 ·

224 2818 254 2882 4.
270 2817 387 2883 debent
373 2822 466 2882 esse
476 2817 716 2882 modestissume
716 2838 892 2901 quomam
904 2817 1033 2901 qu1dem
1043 2821 1093 2882 est
1103 2818 1166 2884 hoe

158 2905 277 2970 summi
294 2905 432 2990 imperii,
448 2907 577 2970 nosmet
595 2905 628 2990 ip
630 2926 684 2970 sos
703 2905 741 2970 de
758 2905 880 2968 nostris
899 2905 995 2969 rebus
1013 2904 1166 2990 iudicare,

268 2992 355 3058 Nam
381 2994 447 3058 mit
471 2999 576 3058 orator
596 2929 729 3076 ihtettepi
745 3012 845 3075 paene
866 2993 1055 3074 impadmter
1076 3012 1165 3059 sena·
1179 3011 1205 3051 m

202 3087 267 3146 tam
289 3082 326 3145 de
346 3101 441 3146 aaasa
462 3100 521 3146 saa
542 3081 679 3146 iadieare
700 3080 836 3159 volamse,
860 3100 929 3146 eam
951 3081 993 3145 sit
1013 3081 1165 3158 naturate,

200 3175 238 3233 at
261 3189 342 3235 ames
367 3170 494 3251 quisque
517 3188 582 3234 mom
600 3170 698 3252 possit
718 3169 900 3251 aequitatem
922 3169 1002 3233 tueri
1023 3131 1165 3235 detmari

202 3275 256 3321 sao
264 3259 460 3337 potissimam
475 3257 618 3342 capitam,
635 3257 717 3340 qaod
728 3257 908 3340 ptemmqae
924 3260 1054 3322 oomaher
1070 3257 1165 3322 etiam

202 3361 271 3406 eum
291 3344 484 3426 improbitate
505 3345 664 3426 depascere.

224 3428 254 3492 5.
286 3431 341 3512 qui
373 3452 412 3495 ex
442 3430 669 3496 hereditatet
654 3435 748 3496 tants
778 3452 878 3497 unum
909 3431 1016 3496 solum
1042 3451 1165 3496 nomen
1178 3447 1203 3489 ³⁵

158 3515 393 3601 agnoverimus.
