2512 3932
323 171 390 229 ΗΒ.
410 171 431 227 1.
465 169 541 227 cAP.
561 176 603 241 ιτ,
623 175 664 225 ra.
697 174 844 236 ssa-eo.
1038 165 1081 232 21

96 355 166 418 quae
191 355 263 400 cum
288 355 324 398 re
351 332 482 420 publica
508 336 560 399 est
585 331 642 397 uni
669 329 783 414 cuique
805 332 964 396 nostrum.
1008 325 1084 394 Cari

95 426 159 488 sunt
178 426 341 508 parentes,
370 421 436 487 cari
463 420 571 503 liberi,
598 418 786 504 propinqui,
808 417 1000 499 familiares,
1028 417 1084 480 sed

94 531 190 576 omues
213 509 357 576 omnium
380 509 533 575 caritates
551 507 660 592 patria
682 528 747 571 una
765 507 932 591 complexa
950 509 1010 588 est,
1023 526 1083 590 pro

94 619 146 682 qua
173 597 244 681 quis
273 597 378 662 bonus
406 596 533 662 dubitet
559 598 698 660 mortem
729 597 895 678 oppetere,
927 593 956 658 si
983 593 1012 657 ei
1040 592 1084 657 sit

74 684 292 770 sprofuturus?
329 683 399 760 Quo
419 689 469 750 est
492 683 716 750 detestabilior
738 683 876 747 istorum
898 680 1084 763 inmanitas,

94 774 140 856 qui
160 774 343 840 lacerarunt
365 772 454 838 omni
476 772 596 838 scelere
618 771 760 856 patriam
780 773 812 835 et
830 769 865 834 in
883 791 921 834 ea
938 768 1083 834 funditus

95 862 214 926 delenda
237 861 386 945 occupati
409 866 442 925 et
464 865 540 925 sunt
563 865 596 924 et
616 859 757 924 fuerunt.
794 855 856 923 Sed
875 857 904 922 si
920 856 1083 924 contentio
1103 871 1136 922 ⁶8

94 949 237 1032 quaedam
256 953 290 1014 et
307 949 506 1033 comparatio
525 948 593 1031 fiat,
611 947 728 1031 quibus
746 946 923 1032 plurimum
940 945 1084 1011 tribuen-

95 1038 159 1102 dum
180 1038 224 1102 sit
248 1035 360 1121 officii,
383 1036 544 1120 principes
564 1037 630 1100 sint
648 1035 757 1120 patria
773 1039 807 1099 et
825 1037 989 1120 parentes,
1007 1053 1084 1118 quo·

66 1140 154 1189 urum
175 1124 341 1190 beneficiis
363 1123 513 1189 maximis
533 1123 672 1210 obligati
690 1144 814 1205 sumus,
831 1122 971 1207 proximi
990 1122 1085 1187 liberi

93 1216 213 1298 totaque
232 1213 365 1294 domus,
383 1233 465 1295 quae
484 1216 611 1298 spectat
632 1212 666 1276 in
684 1232 744 1276 nos
768 1211 855 1276 solos
873 1232 977 1294 neque
997 1209 1085 1275 aliud

93 1299 182 1366 ullum
208 1304 322 1388 potest
348 1300 468 1366 habere
495 1298 695 1384 perfugium,
726 1297 875 1382 deinceps
903 1299 985 1362 bene
1012 1318 1085 1363 con-

93 1389 244 1454 venientes
268 1387 455 1473 propinqui,
479 1387 670 1471 quibuscum
693 1385 872 1452 communis
896 1385 994 1450 etiam
1020 1386 1085 1452 for·

94 1479 161 1542 tuna
181 1478 374 1563 plerumque
401 1480 459 1540 est.
504 1473 608 1550 Quam
636 1475 678 1540 ob
701 1496 770 1540 rem
791 1472 974 1538 necessaria
995 1493 1087 1559 prae·

66 1576 84 1616 ¹⁵
96 1564 166 1629 sidia
186 1565 276 1630 vitae
299 1563 457 1630 debentur
478 1562 519 1627 iis
542 1563 695 1646 maxime,
718 1582 799 1647 quos
822 1565 897 1628 ante
921 1560 996 1645 dixi,
1019 1560 1087 1626 vita

95 1656 189 1718 autem
207 1653 379 1736 uictusque
399 1651 592 1734 communis,
610 1650 759 1733 consilia,
779 1671 957 1733 sermones,
975 1647 1087 1714 cohor-

94 1741 237 1822 tationes,
261 1739 513 1823 consolationes,
535 1739 698 1804 interdum
720 1738 821 1804 etiam
843 1737 1087 1824 obiurgationes

93 1827 120 1892 in
145 1828 296 1895 amicitiis
326 1828 437 1914 vigent
460 1827 611 1911 maxime,
644 1831 756 1911 estque
788 1847 826 1890 ea
857 1823 1088 1891 iucundissima

94 1915 236 2001 amicitia,
262 1937 360 2001 quam
382 1915 560 1981 similitudo
584 1935 710 1980 morum
733 1913 929 1998 coniugavit.

65 2015 83 2055 ²⁰
148 2002 208 2070 Sed
234 2005 271 2069 in
298 2004 349 2084 his
382 2003 532 2069 omnibus
560 2001 676 2068 officiis
707 2001 887 2066 tribuendis
914 1978 1138 2065 videndum18

94 2091 157 2175 erit,
179 2092 258 2177 quid
277 2092 390 2175 cuique
408 2091 547 2158 maxime
564 2111 694 2156 necesse
717 2085 784 2173 sit,
797 2092 830 2154 et
853 2087 930 2174 quid
953 2088 1088 2173 quisque
1105 2056 1138 2106 ⁶⁹

93 2179 135 2243 vel
161 2181 228 2246 sine
260 2180 355 2245 nobis
385 2183 442 2244 aut
470 2179 576 2264 possit
606 2178 758 2262 consequi
788 2180 845 2243 aut
875 2199 943 2244 non
974 2177 1087 2263 possit.

93 2263 218 2334 Itanon
242 2267 342 2332 iidem
365 2270 460 2332 erunt
480 2265 754 2368 peoessitudinum
774 2266 906 2351 gradus,
930 2267 985 2350 qui
1007 2270 1088 2330 tem-

65 2353 525 2527 ,tlttiutfltuttlll’
546 2374 642 2507 aa
663 2354 1087 2508 tttttttlttttt:

94 2530 296 2616 percipiendis
318 2552 416 2614 quam
439 2535 496 2595 aut
517 2528 653 2594 fratrem
677 2534 735 2595 aut
755 2528 965 2613 familiarem,
989 2533 1036 2613 at,
1059 2529 1088 2594 si

93 2615 128 2680 lis
147 2619 179 2683 in
196 2618 316 2685 iudicio
335 2618 392 2701 sit,
411 2618 629 2703 propinquum
647 2618 758 2702 potius
781 2622 814 2683 et
832 2617 971 2682 amicum
990 2638 1087 2701 quam

94 2703 221 2772 ricinum
250 2705 438 2772 defenderis.
489 2704 579 2771 Haec
605 2705 709 2791 igitur
735 2708 769 2769 et
795 2704 878 2769 talia
904 2705 1088 2789 circumspi-

94 2791 192 2860 cienda
214 2795 343 2859 suntin
362 2793 576 2860 omniofficio
600 2795 648 2875 [et
670 2791 867 2859 consuetudo
887 2791 1088 2856 exercitatio-

64 2881 348 2968 tquecapiendaL
371 2881 509 2948 utboni
536 2881 782 2946 ratiocinatores
810 2877 989 2944 officiorum
1017 2900 1088 2945 esse

93 2969 242 3049 possimus
269 2974 302 3034 et
329 2969 474 3036 addendo
498 2969 745 3054 deducendoque
767 2967 888 3052 videre,
911 2989 993 3052 quae
1015 2969 1088 3033 reli·

94 3055 141 3136 qui
166 3079 292 3148 summa
317 3057 393 3143 fiat,
425 3078 464 3123 ex
492 3078 569 3142 quo,
597 3061 755 3140 quantum
782 3055 896 3139 cuique
924 3054 1088 3141 debeatur,

93 3141 264 3234 intellegas.
309 3143 372 3212 Sed
403 3149 440 3210 ut
471 3167 530 3211 nec
557 3145 674 3212 medici
700 3165 759 3210 nec
788 3144 1002 3228 imperatores
1029 3165 1088 3210 nec
1106 3159 1137 3212 cc

94 3236 241 3318 oratores,
268 3233 416 3318 quamvis
448 3235 529 3299 artis
557 3237 731 3320 praecepta
757 3231 973 3318 perceperint,
1003 3233 1088 3316 quic·

67 3330 180 3399 dquam
202 3342 322 3408 magna
344 3320 439 3387 laude
463 3321 599 3406 dignum
627 3321 695 3386 sine
718 3341 779 3385 usu
802 3323 835 3384 ct
858 3319 1087 3389 exercitatione

94 3410 232 3493 consequi
248 3412 399 3495 possunt,
417 3408 464 3475 sic
482 3408 581 3474 officii
599 3406 812 3474 conservandi
830 3411 1004 3492 praecepta
1022 3413 1087 3472 tra-

95 3490 200 3562 duntur
221 3497 280 3564 illa
302 3496 445 3582 quidem,
472 3499 510 3562 ut
535 3494 673 3562 facimus
701 3495 781 3580 ipsi,
809 3495 865 3559 sed
887 3496 935 3559 rei
963 3494 1087 3579 magni·
