2504 3950
151 189 216 259 108
547 190 597 245 ΒΕ
616 187 766 244 omens
1243 191 1244 230 l

1243 289 1244 352 l

98 327 142 452 {J}
218 352 341 429 Quodsi
367 351 586 437 vituperandi,
619 351 674 434 qui
705 350 918 432 reticuerunt,
950 348 1028 432 quid
1055 348 1096 413 de
1123 347 1166 413 iis

152 440 402 507 existimandum
434 444 497 523 est,
529 439 585 523 qui
617 438 775 503 orationis
801 437 983 502 vanitatem
1010 435 1167 502 adhibue

151 529 250 594 runt?
294 527 329 593 0.
356 527 492 612 Gauius,
522 547 620 611 eques
648 525 828 609 Romanus,
855 545 915 589 nec
938 523 1106 590 infacetus
1133 526 1167 588 et
1243 575 1244 580 ,

152 618 233 683 satis
265 617 445 700 litteratus,
476 636 549 681 cum
580 636 615 679 se
646 611 823 697 Syracusas
852 611 991 696 otiandi,
1023 616 1062 677 ut
1095 610 1166 696 ipse
1243 653 1244 692 ,

152 706 257 771 dicere
279 705 416 788 solebat,
437 725 504 770 nou
524 701 715 789 negotiandi
733 722 832 766 causa
849 700 1052 784 contulisset,
1075 699 1166 765 dioti—
1190 717 1203 757 ⁵

152 794 247 860 tabat
273 815 309 858 so
335 793 485 858 hortulos
513 791 640 874 aliquos
667 811 773 854 emere
800 789 899 871 velle,
931 809 996 872 quo
1024 786 1167 852 invitare

153 883 274 948 amicos
293 884 327 945 et
344 879 402 944 ubi
418 901 452 944 se
467 878 630 944 oblectare
645 877 715 942 sine
729 875 1031 962 interpellatoribus
1045 881 1167 960 posset.

154 969 246 1044 Quod
260 989 332 1033 cum
347 967 610 1052 percrebruisset,
624 961 764 1049 Pythius
778 964 808 1030 ei
822 963 963 1048 quidam,
981 964 1039 1047 qui
1052 980 1167 1050 argen-

153 1057 272 1121 tariam
290 1055 413 1120 faceret
425 1052 603 1138 Syracusis,
621 1054 753 1120 venales
772 1052 900 1137 quidem
920 1073 954 1116 se
970 1051 1088 1117 hortos
1101 1071 1168 1117 nou

153 1145 283 1228 habere,
302 1143 358 1208 sed
376 1143 472 1207 licere
489 1142 540 1206 uti
558 1141 669 1225 Canio,
688 1141 716 1205 si
734 1140 843 1224 vellet,
861 1143 899 1204 ut
915 1140 995 1224 auis,
1014 1143 1048 1204 et
1066 1140 1166 1204 simul
1181 1159 1204 1198 ιο

154 1233 195 1297 ad
223 1251 335 1297 cenam
362 1231 527 1296 hominem
553 1231 588 1294 in
614 1229 729 1295 hortos
755 1229 909 1294 invitavit
934 1228 970 1292 in
997 1231 1167 1313 posterum
1243 1245 1244 1276 1

155 1320 249 1385 diem.
295 1318 377 1384 (lum
398 1319 456 1384 ille
478 1317 696 1404 promisisset,
722 1317 968 1400 tum'Pythius,
996 1316 1169 1406 quiesset
1243 1283 1244 1348 l

153 1412 192 1473 ut
219 1407 425 1497 argentarius
452 1406 538 1491 apud
565 1427 676 1470 omues
704 1405 833 1470 ordines
856 1404 1034 1489 gratiosus,
1064 1405 1168 1489 pisca·
1243 1437 1244 1486 y

155 1502 243 1562 tores
266 1496 308 1561 ad
331 1516 366 1560 se
388 1493 578 1560 convocarit
601 1497 634 1557 et
656 1493 699 1557 ab
721 1493 762 1557 iis
784 1492 911 1576 petivit,
933 1496 971 1556 ut
994 1495 1071 1556 ante
1091 1513 1168 1557 suos
1243 1487 1244 1532 l

154 1584 305 1650 hortulos
327 1581 485 1667 postridie
505 1581 723 1665 piscarentur,
750 1581 908 1663 dixitque,
936 1579 1013 1680 quid
1042 1579 1206 1644 cosla-1⁵

155 1692 226 1737 cere
249 1670 357 1735 vellet.
393 1667 446 1733 Ad
468 1689 581 1733 cenam
603 1669 744 1753 tempori
766 1669 857 1733 venit
875 1666 1010 1750 Gaurus3
1032 1668 1169 1752 opipare

156 1757 309 1840 aPythio
328 1757 521 1842 adparatum
540 1756 733 1840 convivium,
751 1755 941 1822 cumbarum
960 1760 1036 1820 aute
1055 1757 1169 1821 oculos

156 1845 345 1929 multitudo,
376 1865 435 1930 pro
464 1866 498 1910 se
525 1845 676 1928 quisque,
703 1844 790 1928 quod
817 1847 960 1930 ceperat,
988 1842 1170 1928 adferebat,

102 1949 136 2000 59
155 1940 230 2000 ante
257 1934 355 2020 pedes
382 1933 480 2017 Pythi
507 1933 612 2017 pisces
642 1932 875 1998 abiciebautur.
918 1929 1002 1996 Tum
1029 1929 1179 1997 (laniusz'

156 2021 347 2105 ‘Quaero',
364 2021 479 2104 inquit,
499 2019 605 2104 ‘quid
624 2023 683 2085 est
701 2020 784 2102 hoc,
802 2018 940 2104 Pythi?
954 2023 1169 2095 tantumne
1182 2037 1208 2076 n

155 2110 340 2196 piscium?
363 2112 563 2172 tantumne
586 2105 845 2173 cumbarum‘l'
889 2106 935 2171 Et
957 2108 1028 2172 ille:
1052 2106 1170 2182 ‘Quid

155 2195 339 2279 mirum‘l',
367 2196 488 2278 inquit,
516 2194 710 2262 ‘hocloco
733 2200 806 2280 est,
833 2193 1037 2278 Syracusis
1061 2196 1169 2280 quic·

156 2283 246 2369 quid
273 2286 334 2348 est
359 2283 537 2368 piscium,
569 2282 631 2350 hic
659 2285 832 2368 aquatio,
862 2283 933 2348 hac
965 2283 1064 2348 villa
1096 2284 1169 2348 isti

156 2393 286 2440 carere
317 2391 393 2436 uon
424 2371 607 2454 possunt?
653 2371 806 2437 Incensos
834 2368 954 2436 (lanius
987 2370 1169 2456 cupiditate

154 2458 321 2527 contendit
343 2480 364 2523 a
385 2456 519 2542 Pythio,
545 2463 583 2524 ut
609 2459 776 2543 venderet3
803 2464 938 2546 gravate
964 2459 1022 2523 ille
1044 2458 1170 2545 primo,
1183 2478 1208 2518 rs

155 2548 233 2633 quid
259 2546 386 2612 multat
412 2547 577 2631 impetrat
621 2546 712 2612 Emit
738 2547 836 2613 homo
865 2547 1001 2631 cupidus
1023 2551 1057 2610 et
1080 2548 1169 2613 locu-

154 2636 225 2722 ples
248 2635 347 2719 tanti,
374 2635 488 2718 quanti
509 2633 647 2718 Pythius
670 2635 788 2719 voluit,
816 2638 850 2699 et
872 2635 952 2700 emit
973 2635 1169 2719 instructos,

153 2723 287 2790 nomina
314 2723 407 2807 facit,
435 2723 605 2809 negotium
632 2723 770 2788 conficit.
815 2722 940 2788 Invitat
962 2721 1082 2788 Canius
1110 2745 1169 2808 po·

154 2813 268 2878 stridie
293 2811 473 2877 familiares
500 2832 591 2896 suos,
617 2811 706 2876 venit
732 2811 803 2895 ipse
834 2815 974 2895 mature;
1006 2811 1169 2876 scalmum

153 2901 281 2966 nullum
304 2899 405 2982 videt,
432 2900 561 2984 quaerit
582 2919 620 2963 ex
642 2899 790 2984 proximo
813 2898 933 2983 vicino,
961 2921 1041 2964 num
1062 2899 1169 2964 feriae
1183 2917 1208 2958 so
1243 2905 1244 2982 l

154 2986 312 3072 quaedam
335 2988 534 3072 piscatorum
559 2990 680 3069 essent,
711 2986 796 3070 quod
819 3007 874 3051 eos
896 2988 1006 3052 nullos
1029 2986 1168 3052 videret.
1243 2989 1244 3028 l

155 3075 325 3158 ‘Nullae,
358 3075 457 3160 quod
485 3074 628 3157 seiam',
659 3074 779 3158 iuquit3
811 3073 892 3139 ‘sed
923 3075 985 3140 hic
1017 3074 1169 3159 piscari

152 3165 254 3229 nulli
287 3164 429 3246 solent3
459 3162 587 3246 itaque
618 3162 702 3226 heri
734 3163 917 3246 mirabar,
949 3162 1040 3247 quid
1068 3164 1169 3229 acci·

7 3247 8 3326 f
100 3263 135 3315 oo
154 3249 297 3316 disset?
343 3249 547 3316 Stomachari
569 3248 703 3333 (leuius3
731 3250 787 3316 sed
811 3250 888 3334 quid
914 3249 1059 3316 faceret?
1085 3272 1168 3317 nou·
1243 3249 1244 3334 l

153 3337 229 3402 dum
262 3338 348 3402 enim
375 3336 411 3404 0.
438 3337 604 3422 Aquilius,
635 3338 764 3425 collega
794 3343 828 3403 et
858 3337 1031 3404 familiaris
1064 3359 1167 3424 meus,
1181 3353 1206 3397 ³⁵
1243 3355 1244 3424 ξ

152 3424 336 3510 protulerat
354 3425 393 3489 de
411 3425 487 3491 dolo
503 3426 590 3490 malo
608 3425 783 3509 formulas3
798 3426 835 3491 in
848 3426 1069 3512 quibus'ipsis,
1091 3447 1167 3493 oum
1243 3453 1244 3460 ¹

153 3532 244 3578 exeo
259 3516 475 3597 quaereretur,
495 3513 571 3597 quid
585 3517 672 3578 ‘esset
690 3514 783 3580 dolus
797 3515 913 3600 malus,
931 3515 1166 3598 respondebat:
