2512 3932
131 119 155 184 Β
531 113 751 171 unornane

134 277 282 364 agitatio.
331 275 377 342 Iis
409 276 496 344 enim
527 276 638 360 rebus,
667 273 753 361 quae
783 279 967 343 tractantur
997 277 1033 344 in
1064 278 1151 362 vite,
1237 305 1238 308 ¹

133 366 265 431 modum
293 364 453 450 quendam
480 367 514 430 et
541 364 686 429 ordinem
714 363 904 430 adhibentes
935 365 1151 430 honestatem

134 458 168 518 et
191 453 285 518 decus
309 453 582 526 conservabimus.

82 511 116 637 1}
199 541 251 606 Ex
269 545 425 626 quattuor
443 545 553 606 autem
570 540 661 624 locis,
682 539 817 624 inques
838 539 968 606 honesti
988 544 1151 606 naturam

133 629 265 712 vimque
286 629 467 714 divisimus,
490 629 614 713 primus
636 628 709 712 ille,
731 629 787 712 qui
809 627 844 692 iu
866 628 935 694 reri
957 628 1151 715 cognitione
1181 646 1196 686 ⁵
1237 689 1238 694 ,

134 718 292 802 consistit,
314 718 455 784 maxime
475 721 627 782 naturam
646 716 783 802 attingit
800 715 985 782 humanam.
1023 715 1150 782 Omnes

134 806 219 870 enim
241 805 404 872 trahimur
426 809 459 869 et
482 805 628 870 ducimur
650 803 691 869 ad
714 804 909 888 cognitionis
932 807 965 868 et
989 804 1150 870 scientiae

91 905 100 932 ¹
134 893 354 978 cupiditatem,
377 893 411 958 in
434 913 499 976 qua
520 891 677 957 excellere
694 892 867 977 pulchrum
888 895 1052 977 putamus,
1076 893 1150 958 labi

80 977 104 1007 ‘⁵¹
134 985 253 1065 autem,
275 1001 392 1064 errare,
414 979 547 1064 nescire,
570 979 674 1063 decipi
696 983 730 1044 et
752 981 876 1046 malum
893 984 929 1044 et
944 984 1041 1066 turpe
1059 981 1149 1046 duci-

133 1089 215 1134 mus.
250 1067 290 1134 In
311 1068 374 1134 hoc
397 1087 513 1154 genere
536 1070 570 1132 et
591 1067 736 1133 naturali
758 1068 952 1133 et'honeeto
975 1068 1039 1134 duo
1062 1069 1148 1134 vitia
1165 1085 1193 1126 10

133 1155 267 1222 vitanda
290 1159 380 1240 sunt,
402 1177 512 1240 mum,
534 1175 575 1220 ne
597 1155 765 1241 incognita
787 1177 848 1242 pro
866 1153 1006 1241 cognitis
1024 1156 1148 1222 habea
1237 1227 1238 1232 χ

133 1267 206 1310 mus
228 1244 333 1328 iisque
352 1243 728 1327 *temereassentiamum
751 1244 838 1328 quod
860 1244 978 1310 vitium
1000 1245 1147 1332 effugere

134 1333 190 1416 qui
216 1333 305 1398 volet
333 1329 458 1418 (omnes
486 1336 595 1397 autem
621 1332 706 1397 velle
734 1329 880 1418 debent),
908 1331 1079 1398 adhibebit
1104 1334 1147 1398 ad

82 1433 114 1482 19
133 1421 382 1486 considerandas
405 1441 457 1486 res
480 1424 514 1485 et
535 1423 664 1505 tempus
688 1423 720 1484 et
743 1419 954 1506 diligentiam.
990 1419 1146 1486 Alterum

133 1513 185 1574 est
206 1509 331 1592 vitium,
354 1507 590 1592 quodquidam
607 1507 708 1572 nimis
724 1528 880 1593 magnum
899 1507 1042 1573 studium
1062 1510 1145 1574 mul·
1162 1525 1190 1566 1⁵
1237 1503 1238 1516 ¹

132 1600 265 1680 tamque
289 1617 421 1680 operam
442 1595 478 1660 in
499 1615 552 1660 res
580 1594 733 1661 obscuras
762 1600 860 1680 atque
887 1595 1038 1662 difficiles
1070 1617 1146 1662 con·
1237 1601 1238 1668 j

132 1684 242 1748 ferunt
269 1683 460 1767 easdemque
486 1703 553 1748 non
577 1683 784 1750 necessarias.
829 1682 953 1759 Quibus
976 1684 1065 1749 vitiis
1092 1685 1146 1750 de·

64 1787 99 1845 w·
133 1771 262 1837 clinatis
290 1771 376 1855 quod
402 1771 437 1834 in
463 1771 562 1837 rebus
587 1770 736 1836 honestis
762 1775 796 1836 et
822 1770 1009 1858 cognitione
1034 1773 1145 1858 dignis

134 1879 253 1945 operae
278 1881 436 1943 curaeque
462 1862 615 1944 ponetur,
645 1859 680 1924 id
710 1859 781 1924 iure
812 1860 1012 1944 laudabitur,
1043 1864 1082 1925 ut
1109 1862 1146 1926 in

133 1948 315 2034 astrologia
337 1945 373 2014 O.
395 1945 575 2031 Sulpicium
598 1947 788 2030 audivimus,
810 1947 845 2010 in
868 1949 1047 2032 geometria
1070 1947 1145 2014 Sex.
1159 1965 1187 2006 ro

133 2034 324 2121 Pompeium
337 2035 402 2118 ipsi
415 2035 635 2120 cognovimus,
649 2035 777 2100 multos.
785 2035 820 2099 in
831 2035 1017 2125 dialecticis,
1031 2037 1144 2121 plures

132 2123 168 2187 in
189 2123 260 2187 iure
282 2121 370 2188 civili
376 2171 385 2204 ‚
409 2143 491 2208 quae
509 2143 621 2188 omnes
639 2126 727 2188 artes
749 2123 871 2200 iuvari
889 2124 1144 2210 investigatione

81 2248 95 2274 v·
132 2213 318 2292 versantur3
336 2209 425 2275 cuius
447 2209 555 2275 studio
572 2232 592 2274 a
609 2211 708 2276 rebus
725 2210 874 2298 gerendis
893 2211 1009 2278 abduci
1027 2217 1145 2278 contra

134 2296 277 2364 officium
308 2300 367 2362 est.
411 2293 553 2364 Virtutis
586 2297 672 2362 enim
703 2297 775 2363 laus
808 2298 913 2365 omnis
944 2299 980 2366 in
1013 2300 1144 2366 actione

134 2385 297 2468 consistit3
319 2407 339 2448 a
362 2405 426 2467 qua
448 2388 558 2450 tamen
580 2385 619 2449 lit
640 2385 839 2452 intermissio
862 2407 959 2472 saepe
982 2387 1143 2474 multique
1158 2406 1185 2448 2⁵

134 2473 252 2538 dantur
275 2471 316 2536 ad
339 2471 447 2538 studia
468 2472 604 2556 reditus3
631 2477 704 2540 tum
732 2474 870 2560 agitatio
898 2477 1030 2561 mentis,
1058 2498 1144 2560 quae

132 2581 310 2646 numquam
329 2559 516 2644 adquiescit,
538 2565 649 2646 potest
665 2561 725 2628 nos
748 2563 783 2628 in
807 2562 921 2628 studiis
944 2564 1143 2650 cognitionis

83 2666 95 2712 τ
134 2648 233 2714 etiam
253 2648 322 2714 sine
340 2669 439 2733 opera
456 2652 571 2716 nostra
587 2650 761 2716 continere
797 2648 913 2716 Omnis
930 2655 1038 2718 autem
1055 2652 1144 2738 cogi-

134 2737 216 2802 tatio
231 2741 403 2822 motusque
417 2736 518 2803 animi
531 2738 635 2803 autin
650 2738 793 2806 consiliis
812 2738 977 2822 capiendis
991 2739 1143 2806 derebus

133 2823 279 2891 honestis
303 2829 336 2890 et
358 2825 596 2910 pertinentibus
619 2827 661 2891 ad
683 2825 764 2891 bene
786 2826 947 2910 beateque
967 2827 1142 2893 vivendum
1157 2847 1184 2888 rc

135 2916 192 2978 aut
213 2912 249 2976 in
272 2912 388 2978 studiis
411 2913 563 2979 scientiae
586 2912 844 3001 cognitionisque
862 2915 1055 2980 versabitur.
1091 2916 1143 2982 Ae

95 2999 174 3134 7de
196 2999 456 3102 primoquidem
479 3001 692 3103 officiitfopte
714 3001 862 3103 diximus.
1102 3092 1109 3106 .

81 3149 116 3199 2⁰
135 3087 1142 3264 qualtiltbutudbtsateltitibus

134 3262 277 3329 munitas
296 3264 494 3348 conductum
516 3264 606 3330 euius
624 3269 734 3350 partes
752 3265 847 3351 duae,
869 3266 1004 3352 iustitia,
1024 3267 1143 3352 inqua
1156 3286 1184 3329 er

134 3351 267 3416 virtutis
290 3355 340 3416 est
363 3351 516 3436 splendor
534 3353 702 3438 maximus,
725 3375 764 3419 ex
782 3375 847 3438 qua
864 3353 927 3419 viri
944 3355 1023 3420 boni
1039 3358 1143 3420 nomi-

134 3441 268 3525 nantur,
289 3444 325 3504 et
346 3439 422 3506 huic
445 3438 615 3506 coniuncta
636 3441 861 3527 beneficentia,
887 3463 984 3526 quam
1007 3443 1142 3512 eandem
