2504 3950
296 161 364 216 LIB.
383 163 405 218 I.
442 162 519 220 CAP.
539 170 653 222 83-35.
690 170 705 231 5
725 171 872 222 rur-12⁷.
1049 167 1093 234 43

81 326 302 412 temperantia
325 327 469 412 accessit,
492 327 610 413 duplex
633 329 755 395 malum
778 333 838 412 est,
860 329 947 416 quod
970 334 1003 396 et
1021 331 1093 416 ipsa

80 419 231 480 senectus
259 414 396 482 dedecus
424 417 565 502 concipit
592 420 625 482 et
655 417 736 483 facit
763 417 1018 484 adulescentium
1047 419 1093 483 in·

79 501 309 588 pudentiorem
327 504 621 589 intemperantiam.
648 505 697 571 Ac
709 527 750 572 ne
764 505 847 571 illud
860 507 989 592 quidem
1004 507 1080 572 alie·
1095 522 1146 572 124

78 595 234 675 remeet,
252 590 293 657 de
312 592 575 679 magistratuum,
593 593 633 657 de
653 594 879 678 privatorumL
898 595 937 660 de
949 595 1093 678 civium1,

56 679 117 744 ⁵de
141 680 392 766 peregrinorum
415 679 531 746 officiis
559 681 672 746 dicere.
716 681 779 747 Est
800 681 904 767 igitur
925 683 1092 768 proprium

80 789 199 832 munus
238 769 452 855 magistratus
488 770 678 854 intellegere
710 791 745 835 se
777 791 889 856 gerere
921 791 1093 855 personam

80 855 227 922 civitatis
250 856 429 940 debereque
452 857 521 921 eius
544 857 739 944 dignitatem
758 863 791 923 et
810 858 906 925 decus
925 859 1093 942 sustinere,

80 965 212 1010 servare
236 944 336 1030 leges,
357 944 429 1010 iura
451 943 639 1030 discribere,
661 968 700 1012 ea
721 945 797 1012 fidei
820 968 896 1013 suae
919 947 1094 1014 commissa

81 1032 279 1098 meminisse.
324 1031 493 1098 Privatum
520 1037 629 1100 autem
658 1039 789 1120 oportet
821 1057 923 1120 aequo
955 1039 989 1102 et
1020 1035 1094 1120 pari

47 1139 69 1180 o
82 1143 154 1186 cnm
172 1121 299 1187 civibus
318 1120 387 1186 iure
405 1121 513 1187 rivere
531 1141 634 1206 nsque
653 1123 861 1188 summissum
879 1129 912 1188 et
930 1123 1092 1189 abiectum

81 1230 185 1294 neque
204 1230 240 1273 se
259 1203 462 1293 ecferentem,
485 1213 557 1274 tum
574 1211 608 1275 in
625 1231 661 1275 re
683 1210 815 1295 publica
832 1233 872 1276 ca
893 1212 986 1294 velle,
1010 1233 1092 1296 quae

81 1297 263 1382 tranquilla
289 1301 323 1362 et
354 1297 493 1362 honesta
524 1298 603 1382 sint3
634 1298 736 1363 talem
768 1299 854 1363 enim
886 1299 1026 1364 solemus
1058 1304 1092 1364 et

83 1384 203 1450 sentire
222 1385 345 1451 bonum
363 1385 466 1450 civem
484 1390 518 1450 ct
531 1386 644 1452 dicere.
676 1385 844 1472 Peregrini
857 1391 1078 1470 autumatque
1094 1401 1144 1452 125

82 1473 209 1539 incolae
227 1472 371 1538 officium
389 1477 440 1540 est
456 1473 538 1538 nihil
552 1479 683 1559 practer
696 1496 790 1540 sunm
803 1475 972 1561 negotium
986 1495 1093 1560 agere,

48 1561 165 1626 renihil
192 1560 233 1626 dc
261 1561 327 1627 alio
355 1561 524 1647 anquirere
552 1563 746 1648 minimeque
773 1584 844 1628 csse
870 1563 1092 1628 inalienare

82 1649 215 1736 publica
246 1649 418 1716 curiosum.
463 1649 516 1715 Ita
543 1650 612 1716 fere
638 1650 746 1717 officia
773 1651 987 1736 reperientur,
1020 1673 1092 1717 oum

82 1741 270 1822 quaeretur,
301 1736 379 1822 quid
405 1737 532 1822 deceat,
562 1739 698 1822 etquid
726 1742 838 1824 aptum
865 1740 909 1805 sit
935 1740 1092 1824 personis,

82 1825 300 1911 temporibus,
330 1826 503 1892 aetatibus.
547 1825 641 1891 Nihil
669 1830 719 1891 est
751 1831 874 1910 eutem,
906 1829 992 1912 quod
1023 1832 1092 1892 tem

84 1913 203 1997 deceat,
226 1933 324 1998 quarn
341 1915 483 1980 inomni
501 1936 535 1978 re
554 1915 696 2000 gerenda
715 1914 914 1998 consilioque
937 1915 1092 1998 capiendo

50 2018 214 2068 ”servare
237 2003 464 2069 constantiam.
847 2063 852 2074 ,

147 2088 213 2156 Sed
245 2090 398 2175 quoniam
430 2090 579 2158 decorum
611 2090 691 2158 illud
723 2091 757 2156 in
790 2092 939 2158 omnibus
973 2090 1078 2174 fectis,
1095 2063 1145 2188 ,³⁹32

84 2178 187 2262 dictis,
205 2178 241 2242 in
259 2179 403 2264 corporis
423 2179 559 2264 denique
577 2184 669 2246 motu
688 2184 721 2244 et
736 2184 826 2246 statu
840 2179 982 2245 cernitur
995 2178 1092 2264 idque

83 2267 227 2352 positum
250 2270 302 2331 cst
323 2267 358 2332 in
379 2267 486 2333 tribus
508 2268 619 2351 rebus,
645 2267 863 2353 formositate,
889 2268 1015 2350 ordine,
1043 2289 1092 2334 or·

83 2359 161 2422 natu
180 2353 224 2420 ad
242 2355 404 2420 actionem
423 2359 511 2440 apto,
529 2354 715 2422 difficilibus
734 2357 775 2422 ad
794 2356 1018 2441 eloquendum,
1036 2355 1092 2420 sed

50 2457 73 2500 ¹⁵
84 2444 163 2509 satis
183 2443 248 2508 erit
265 2443 423 2529 intellegi,
441 2444 476 2508 in
493 2443 545 2508 his
563 2447 672 2508 autem
691 2445 796 2509 tribus
815 2445 1000 2510 continetur
1015 2463 1092 2508 cura

85 2532 182 2598 etiam
205 2531 275 2614 ille,
297 2534 334 2596 nt
356 2531 532 2616 probemur
553 2531 604 2614 iis,
627 2532 818 2617 quibuscum
838 2531 925 2618 apud
948 2551 1092 2616 quosque

84 2620 246 2702 vivamus,
268 2617 327 2719 bis.
344 2641 471 2703 quoque
494 2619 533 2683 de
556 2621 652 2685 rebus
675 2643 778 2705 pauca
801 2620 958 2686 dicanur.
989 2618 1092 2720 'Prin-

83 2711 687 2879 lllutl'lttuftattttt
702 2705 1093 2878 ultusultus

51 2885 235 2969 augurem,
258 2883 293 2948 in
316 2905 380 2966 qua
402 2888 488 2948 esset
511 2884 634 2968 species
657 2884 808 2966 honeste,
831 2903 903 2948 eam
926 2881 1036 2966 posuit
1058 2881 1094 2945 in

83 2976 254 3056 promptu,
278 2992 359 3055 quae
382 2975 493 3056 partes
517 2975 627 3038 autem
650 2970 794 3056 corporis
819 2969 860 3036 ud
881 2974 1017 3036 naturae
1040 2991 1093 3034 ne·

83 3061 270 3126 cessitatem
293 3058 388 3125 datae
411 3063 579 3146 aspectum
597 3063 706 3125 essent
725 3058 902 3124 deformem
920 3058 1092 3123 habiturae

83 3153 180 3233 atque
201 3146 345 3230 foedum,
367 3168 423 3214 eas
446 3147 589 3214 contexit
611 3150 707 3233 atque
731 3147 863 3212 abdidit.
908 3145 1002 3211 Hanc
1023 3162 1145 3212 neu-12⁷

83 3241 173 3302 turae
201 3241 273 3302 tam
295 3236 490 3321 diligentem
516 3235 675 3302 fabricam
698 3236 827 3302 imitata
850 3237 901 3300 est
922 3233 1092 3300 hominum

52 3323 283 3392 ”verecundia
312 3322 401 3400 Quae
415 3325 501 3388 enim
514 3327 633 3390 natura
647 3324 831 3407 occultavit,
845 3323 957 3390 eadem
971 3343 1093 3406 omnes,

84 3413 135 3496 qui
158 3433 241 3481 sana
264 3416 372 3478 mente
395 3415 484 3495 sunt,
511 3415 680 3477 removent
702 3412 744 3476 ab
766 3411 868 3477 oculis
890 3410 1016 3496 ipsique
1039 3430 1092 3474 ne·

83 3501 228 3567 cessiteti
256 3499 335 3564 dent
362 3521 495 3586 operam
518 3505 555 3563 ut
580 3521 678 3583 quam
701 3499 918 3564 occultissime
941 3498 1092 3580 pareant,
