2578 3950
408 215 482 272 cnr.
505 222 545 284 ra,
566 223 607 272 ιι.
645 221 791 282 §rs-51.
1043 215 1105 280 179

105 379 233 460 propter
259 398 329 441 eam
358 378 570 462 suscipiamus
599 377 789 444 molestias?
835 377 919 454 Quid
946 377 1032 443 enim
1059 378 1106 442 in·

105 467 200 528 terest
224 469 313 530 motu
337 466 436 529 animi
460 467 589 530 sublato
612 485 678 530 non
702 466 772 531 dico
794 466 881 531 inter
898 467 1053 552 pecudem
1072 469 1106 530 et

104 551 275 631 hominem,
303 553 359 617 sed
386 554 471 618 inter
494 553 659 618 hominem
683 557 715 618 et
737 558 888 620 truncum
911 559 968 619 aut
992 576 1106 620 saxum

104 643 154 704 aut
177 641 304 724 quidvis
329 643 455 727 generis
479 641 644 706 eiusdem?
689 640 803 726 Neque
832 643 917 708 enim
945 647 1021 707 sunt
1049 642 1106 707 isti

83 727 261 813 ⁵audiendi,
291 731 345 813 qui
373 730 528 795 virtutem
557 730 670 794 duram
697 734 731 795 et
758 730 851 814 quasi
873 731 1013 796 ferream
1036 751 1105 795 esse

104 817 259 900 quandam
277 819 406 902 volunt3
425 829 516 902 quae'
526 818 655 902 quidem
670 822 720 882 est
734 840 807 883 cum
821 819 934 884 multis
948 819 982 883 in
1000 819 1106 902 rebus,

102 909 165 968 tum
188 905 224 970 in
248 906 391 976 amicitia
413 910 525 971 tenera
548 910 645 990 atque
667 907 866 991 tractabilis,
896 911 933 975 ut
956 911 989 972 et
1012 906 1105 971 bonis

103 993 189 1057 amici
224 994 318 1076 quasi
351 994 549 1059 diffundatur
580 999 613 1058 et
646 995 857 1060 incommodis
885 995 1105 1061 contrahatur.

103 1079 198 1154 Quam
223 1082 267 1145 ob
290 1103 357 1146 rem
377 1103 480 1167 angor
498 1082 569 1165 iste,
593 1082 648 1166 qui
665 1105 726 1167 pro
745 1083 848 1148 amico
868 1105 963 1168 saepe
982 1083 1107 1167 capien-

73 1183 91 1220 10
102 1167 154 1232 dus
178 1172 240 1252 est,
262 1191 328 1234 non
350 1173 480 1235 tantum
502 1170 601 1254 valet,
622 1174 659 1235 ut
680 1172 778 1236 tollat
797 1192 814 1235 e
833 1171 902 1236 vita
921 1171 1106 1255 amicitiam,

101 1277 160 1408 uoq
182 1257 260 1409 pd'us
284 1279 381 1409 qqqm
403 1261 441 1408 uq
463 1257 615 1410 virtutdeis,
631 1258 714 1410 tquia
736 1279 802 1324 non
824 1259 933 1324 nullas
956 1279 1049 1324 curas
1073 1263 1106 1322 et

102 1366 148 1408 mo
162 1365 196 1409 es
213 1365 309 1410 iasa
345 1367 425 1410 erun
476 1367 556 1410 reu
591 1367 630 1410 en
646 1367 694 1410 ur.

161 1430 247 1498 Cum
275 1438 383 1498 autem
410 1368 584 1499 contrdhat
611 1434 802 1517 amicitiam,
832 1437 870 1498 ut
902 1455 1000 1519 supra
1031 1433 1106 1518 dixi,
1119 1433 1158 1496 14

102 1521 126 1582 si
147 1543 210 1605 qua
236 1521 432 1606 significatio
452 1520 583 1586 virtutis
603 1523 736 1605 eluceat,
760 1522 801 1586 ad
820 1543 918 1606 quam
936 1544 970 1586 se
989 1521 1105 1586 similis

72 1621 90 1662 ¹⁵
102 1609 222 1674 animus
249 1609 390 1693 adplicet
417 1613 450 1674 et
478 1609 647 1695 adiungat,
674 1611 707 1674 id
735 1632 806 1675 cum
835 1609 986 1696 contigit,
1014 1631 1106 1676 amor

102 1697 262 1762 exoriatur
280 1717 410 1762 necesse
429 1701 487 1763 est.
524 1696 607 1773 Quid
626 1698 711 1762 enim
729 1701 800 1763 tam
819 1699 993 1764 absurdum
1009 1721 1106 1783 quam
1124 1713 1158 1763 49

102 1783 252 1850 delectari
275 1785 388 1849 multis
411 1786 562 1850 inanimis
586 1786 695 1869 rebus,
718 1790 755 1850 ut
777 1786 909 1871 honore,
931 1791 969 1852 ut
992 1788 1107 1873 gloria,

101 1877 132 1934 ut
158 1873 321 1956 aedificio,
354 1877 390 1938 ut
421 1873 542 1939 vestitu
571 1875 723 1957 cultuque
751 1875 909 1958 eorporis,
942 1875 1106 1939 animante

101 1960 215 2026 virtute
242 1961 404 2045 praedito,
427 1983 464 2026 eo
489 1961 545 2046 qui
567 1963 618 2027 vel
642 1983 751 2026 amare
775 1962 840 2044 vel,
862 1965 900 2025 ut
922 1962 970 2026 ita
992 1961 1107 2046 dicam,

72 2049 265 2114 aredamare
288 2049 407 2134 possit,
435 2071 501 2115 non
525 2050 697 2114 admodum
721 2049 896 2114 delectari?
940 2047 1032 2113 Nihil
1057 2053 1107 2114 est

102 2138 180 2202 enim
202 2138 466 2202 remuneratione
493 2138 745 2222 benivolentiae,
774 2137 856 2201 nihil
885 2137 1106 2203 vicissitudine
1253 2205 1254 2212 χ

102 2226 279 2291 studiorum
294 2225 537 2310 officiorumque
550 2226 727 2291 iucundius.
760 2224 851 2310 Quid,
870 2227 898 2290 si
911 2227 993 2293 illud
1008 2228 1106 2292 etiam
1126 2240 1159 2290 50
1253 2243 1254 2314 ζ

102 2313 259 2392 addimus,
284 2314 369 2398 quod
391 2318 478 2379 recte
501 2314 574 2378 addi
596 2318 719 2399 potest,
746 2314 828 2378 nihil
852 2336 934 2400 esse,
958 2316 1043 2399 quod
1067 2316 1106 2380 ad
1253 2347 1254 2354 ι

102 2421 130 2465 se
152 2424 223 2467 rem
247 2401 350 2466 ullam
373 2405 442 2466 tam
466 2402 589 2467 alliciat
612 2406 644 2466 et
668 2403 814 2468 attrahat
840 2425 937 2487 quam
966 2403 1006 2468 ad
1030 2403 1107 2468 ami·

71 2489 207 2554 ²⁵citiam
234 2489 435 2554 similitudo?
458 2491 650 2555 concedetur
668 2491 814 2576 profecto
833 2514 945 2556 verum
969 2513 1047 2574 esse,
1070 2495 1107 2556 ut

102 2576 199 2643 bonos
229 2578 309 2642 boni
336 2577 476 2663 diligant
498 2578 742 2663 adsciscantque
766 2579 829 2643 sibi
852 2581 945 2663 quasi
974 2581 1107 2665 propin-

102 2667 223 2748 quitate
248 2665 436 2731 coniunctos
461 2670 557 2750 atque
579 2671 709 2738 natura.
751 2666 843 2730 Nihil
872 2671 922 2731 est
945 2669 1029 2732 enirn
1054 2691 1107 2752 ap·

101 2753 432 2906 pqtentiusffimiliuqq
447 2755 497 2819 sui
510 2776 569 2906 nFqc
583 2755 731 2906 rapaqiuss
747 2753 1107 2907 quarrlrnatura.t(}ua1q

101 2861 117 2903 o
165 2863 238 2906 rem
289 2863 327 2907 oc
377 2863 409 2905 ur
433 2864 483 2907 em
551 2865 667 2908 annre
730 2862 860 2907 caevoa
901 2863 1011 2908 conse
1069 2865 1090 2907 u

70 2930 223 3013 wopinon
242 2930 335 2995 bonis
354 2863 439 2995 inter
457 2893 559 2996 bdnos
579 2932 672 3014 quasi
689 2892 904 2996 necessaridm
923 2893 1107 2996 benivdlen-

100 3017 186 3102 tiam,
212 3017 269 3101 qui
292 3021 342 3082 est
361 3019 522 3083 amicitiae
540 3019 614 3084 fons
633 3023 788 3084 enatura
806 3019 1011 3084 constitutus.
1044 3017 1106 3084 sed

101 3106 210 3170 eadem
234 3105 364 3170 bonitas
388 3107 486 3171 etiam
510 3107 550 3171 ad
573 3107 814 3172 multitudinem
836 3107 986 3192 pertinet.
1031 3107 1107 3172 Non

101 3194 183 3258 enim
198 3197 249 3258 est
260 3193 437 3260 inhumana
451 3195 555 3260 virtus
568 3217 671 3279 neque
685 3195 826 3260 inmunis
839 3216 943 3279 neque
958 3195 1106 3280 superba,

101 3303 180 3364 quae
200 3283 299 3348 etiam
318 3285 455 3368 populos
474 3283 641 3349 universos
660 3285 744 3348 tueri
763 3285 871 3367 eisque
888 3287 1020 3368 optume
1035 3306 1106 3350 eon·

70 3370 205 3435 ³⁵sulere
228 3371 346 3455 soleat3
369 3372 454 3456 quod
473 3393 538 3437 non
559 3371 681 3437 faceret
703 3371 858 3456 profecto,
882 3372 909 3436 si
933 3373 1106 3438 ecaritate

101 3459 191 3544 uulgi
214 3459 411 3525 abhorreret.
449 3459 558 3544 Atque
581 3461 680 3525 etiam
703 3459 783 3524 mihi
802 3460 932 3544 quidem
949 3461 1106 3542 videntur,
1124 3495 1126 3519 2

102 3547 155 3627 qui
177 3548 358 3614 utilitatum
382 3569 479 3615 causa
496 3549 624 3634 fingunt
643 3549 811 3632 amicitias,
835 3548 1105 3614 amabilissimum

894 3650 946 3704 12*
