2504 3950
294 174 361 230 ΙιΙΒ.
380 175 428 233 111.
466 175 543 232 GAP.
565 181 607 244 14,
627 183 668 234 15.
705 183 721 244 θ
739 184 851 234 58-63.
1028 181 1090 245 109

83 360 152 404 cum
170 341 260 403 esset
279 336 368 402 aliud
387 338 585 420 simulatum,
608 338 696 403 aliud
719 343 835 405 actum.
871 339 943 407 Hoo
960 340 1090 425 quidem

84 447 157 491 sane
179 425 345 490 luculente
372 429 410 490 ut
436 425 479 490 ab
501 425 632 491 homine
654 426 760 511 perito
783 427 964 494 definiendi.
999 428 1089 516 Ergo

83 517 114 579 et
134 512 276 596 Pythius
299 517 332 580 et
354 534 466 578 omnes
490 513 579 578 aliud
606 537 626 578 a
651 517 755 599 entes,
783 515 871 580 aliud
898 516 1091 582 simulantes

83 601 203 686 perfidi,
226 600 378 685 improbi,
401 601 566 667 malitiosi.
610 535 747 666 biullum
768 603 871 686 igitur
893 624 1004 669 eorum
1026 604 1092 671 fac·

58 695 149 754 etum
172 692 285 774 potest
307 688 388 752 utile
411 709 496 772 esse,
523 711 597 754 oum
623 690 667 753 eit
689 693 741 754 tot
762 690 853 755 vitiis
866 690 1089 774 ‚inquinatum

145 775 272 851 Quodsi
293 775 470 859 Aquiliana
492 776 637 842 definitio
659 798 737 842 vera
759 781 825 861 est,
848 799 888 843 ex
910 779 999 844 omni
1021 780 1090 844 uita
1102 752 1144 876 155}

84 864 248 930 simulatio
282 864 561 948 dissimulatioque
590 864 736 930 tollenda
763 869 822 930 est.
867 865 932 950 Ita,
963 889 1022 933 nec
1053 871 1090 933 ut

85 956 166 1018 emat
193 951 313 1016 melius
339 973 398 1018 nec
425 956 463 1016 ut
484 952 617 1035 vendat,
646 953 818 1037 quicquam
841 954 1011 1020 simulabit
1034 960 1091 1020 eut

84 1039 304 1104 dissimulabit
329 1039 380 1104 rir
413 1040 528 1104 bonus.
572 1039 675 1125 Atqui
705 1041 769 1106 iste
800 1041 893 1106 dolus
920 1044 1026 1108 malus
1057 1047 1091 1108 et

52 1145 73 1184 ιο
83 1128 208 1214 legibus
232 1131 306 1192 erat
328 1127 519 1211 vindicatus,
540 1131 578 1213 ut
594 1129 630 1192 in
650 1129 754 1193 tutela
772 1129 940 1194 duodecim
957 1131 1090 1214 tabulis,

83 1215 338 1299 circumscriptio
366 1215 619 1281 adulescentium
646 1216 720 1302 lege
746 1214 924 1300 Plaetoria,
956 1223 988 1282 et
1021 1219 1091 1284 sine

83 1305 151 1390 lege
174 1302 315 1387 iudiciis,
336 1303 371 1367 in
393 1303 510 1387 quibus
533 1303 663 1368 additur
685 1321 733 1367 nx
757 1321 840 1368 eron
864 1321 967 1370 noun.
1003 1305 1090 1370 Reli-

83 1412 219 1474 quorum
247 1395 358 1456 autem
381 1391 572 1457 iudiciorum
594 1391 674 1456 haec
695 1391 796 1455 verba
823 1391 963 1457 maxime
990 1393 1091 1457 excel-

83 1480 164 1543 lunt:
187 1479 224 1543 in
247 1478 384 1543 arbitrio
407 1479 455 1542 rei
477 1478 608 1543 uxoriae
628 1495 756 1544 nnnms
773 1496 934 1562 aequum,
955 1480 990 1543 in
1011 1479 1091 1544 lidu-

52 1567 130 1631 ecia
152 1583 198 1632 ur
221 1583 329 1631 mnne
350 1583 463 1632 nouos
481 1584 575 1632 ease
593 1583 710 1632 aurun.
746 1565 831 1641 Quid
853 1567 953 1653 ergo?
977 1567 1091 1634 autin

84 1677 128 1738 eo,
146 1671 244 1732 quon
258 1670 386 1720 umarus
400 1671 559 1738 anquws,
577 1658 687 1739 potest
705 1655 774 1718 ulla
787 1677 863 1739 pars
881 1656 987 1720 inesse
1004 1655 1091 1721 frau-

84 1743 153 1806 dis?
175 1745 246 1824 aut,
268 1763 342 1806 cum
364 1741 481 1808 dicitur
500 1759 606 1807 muns
623 1757 738 1808 nouos
756 1759 848 1808 anre
865 1759 982 1827 nemu,
1004 1744 1091 1828 quic-

85 1851 180 1914 quam
203 1829 261 1915 agi
283 1829 394 1894 dolose
417 1833 474 1895 aut
495 1829 658 1894 malitiose
681 1829 812 1914 potest?
853 1829 958 1895 Dolus
981 1835 1091 1896 autem

86 1919 188 1982 malus
207 1917 243 1981 in
262 1917 476 2001 simulatione,
498 1921 536 1982 ut
554 1917 601 1982 ait
614 1916 774 2000 Aquilius,
792 1916 985 1982 continetur.
1016 1917 1090 1982 Tol·

53 2006 215 2070 alendum
244 2009 294 2069 est
320 2005 422 2088 igitur
449 2027 487 2069 ex
514 2005 611 2070 rebus
638 2003 866 2070 contrahendis
889 2025 984 2070 omne
1003 2025 1091 2070 men-

86 2092 223 2176 dacium3
251 2114 319 2158 non
340 2092 572 2161 inlicitatorem
598 2091 761 2176 venditor,
786 2114 867 2175 non,
894 2093 950 2176 qui
977 2097 1092 2158 contra

87 2202 117 2245 se
130 2182 279 2264 licentur,
297 2183 425 2265 emptor
443 2184 597 2266 apponet3
615 2183 760 2264 uterque,
779 2181 807 2244 si
821 2180 862 2245 ad
876 2181 1093 2264 eloquendum

86 2269 222 2350 uenerit,
248 2289 316 2332 non
337 2269 411 2353 plus
435 2289 532 2352 quam
555 2268 656 2333 semel
679 2268 855 2352 eloquetur.
901 2266 937 2343 Q.
961 2268 1091 2352 quidem
1110 2285 1143 2335 ea

86 2353 239 2422 Scaevola
261 2355 297 2419 P.
319 2353 350 2440 f,
373 2377 446 2421 cum
467 2356 680 2440 postulasset,
702 2359 740 2419 ut
761 2356 826 2421 sibi
847 2354 979 2440 fundus,
1001 2356 1092 2421 cuius

55 2449 213 2529 sempter
235 2447 320 2526 erat,
349 2444 449 2508 semel
470 2443 667 2509 indicaretur
689 2443 785 2526 idque
807 2444 956 2510 venditor
978 2443 1092 2508 itale
1117 2455 1123 2466 '

86 2532 190 2616 risset,
213 2531 297 2596 dixit
313 2552 349 2595 se
367 2531 470 2616 pluris
484 2535 680 2614 aestumare3
702 2530 826 2596 addidit
844 2535 974 2597 eentum
992 2531 1091 2596 milia.

86 2617 188 2686 Nemo
217 2622 281 2700 est,
311 2619 367 2720 qui
388 2618 450 2718 hoc
477 2619 540 2719 ¹viri
566 2619 644 2683 boni
669 2619 771 2718 luisse
796 2622 908 2703 neget,
935 2619 1091 2718 sapientis

87 2710 300 2880 tilieti.
315 2727 650 2879 lettere?
665 2708 855 2876 qtlimilll
870 2705 1092 2874 stiffi

58 2884 250 2968 asapienees
277 2881 473 2946 existimant.
518 2881 567 2946 Ex
597 2903 661 2966 quo
688 2879 812 2945 Ennius
846 2879 1092 2964 ‘nequiquam

89 2990 221 3054 sapere
249 2969 478 3053 sapientem,
508 2970 572 3052 qui
598 2970 681 3054 ipse
708 2967 786 3033 sibi
812 2967 996 3052 prodesse
1018 2989 1094 3032 non

89 3055 234 3140 quiret'
278 3055 364 3121 Vere
390 3055 425 3121 id
451 3057 592 3141 quidem,
621 3057 663 3138 si,
690 3055 768 3139 quid
793 3059 880 3120 esset
907 3053 1092 3138 ‘prodesse’,

89 3146 166 3210 mibi
188 3167 262 3211 cnm
279 3144 388 3209 Ennio
406 3145 600 3210 conveniret.
635 3143 836 3210 Hecatonem
860 3142 988 3227 quidem
1005 3141 1092 3207 Rho·
1111 3159 1144 3209 63

90 3231 188 3318 dium,
211 3231 406 3318 discipulum
427 3231 579 3316 Panaeti,
601 3233 693 3298 video
715 3231 809 3295 iniis
828 3230 930 3314 libris,
954 3251 1034 3315 quos
1054 3230 1092 3297 de
1151 3301 1156 3309 ,

60 3319 193 3386 ³⁵cilicio
221 3319 354 3406 scripsit
380 3317 416 3394 Q.
439 3319 616 3403 Tuberoni,
643 3320 747 3385 dicere
775 3317 1093 3403 ‘sapientisesse

92 3407 187 3472 nihil
209 3413 347 3474 contra
368 3428 505 3490 mores,
529 3408 649 3494 legeS,
675 3406 864 3472 instituta
885 3406 1093 3472 facientem

93 3492 229 3560 habere
260 3496 450 3563 rationem
482 3496 539 3560 rei
568 3494 787 3560 familiaris.
832 3492 964 3579 Neque
994 3494 1093 3558 euim
