2504 3950
154 178 198 246 52
548 173 768 232 auerrione

153 338 294 423 undique
318 340 496 424 apportans
520 335 696 421 multisque
720 337 790 404 sine
813 336 959 402 vanitate
976 335 1168 420 inpertiens,

153 449 220 495 non
243 430 293 493 est
312 425 485 494 admodum
503 424 726 510 vituperanda,
749 428 847 509 atque
866 423 974 505 etiam,
998 423 1026 488 si
1045 423 1168 489 satiata

154 519 293 601 quaestu
314 515 368 580 rel
390 516 544 580 contenta
565 513 685 598 potius,
708 516 745 577 ut
768 533 865 597 saepe
884 533 923 576 ex
942 511 1010 576 alto
1033 511 1069 576 in
1093 533 1168 596 por·

154 608 239 688 tum,
267 625 306 668 ex
328 603 400 688 ipso
428 605 527 688 portu
550 622 584 666 se
606 601 642 665 in
664 621 761 687 agros
784 599 1072 686 possessionesque
1095 622 1169 666 con·

153 692 245 777 tulit,
276 690 406 757 videtur
436 690 505 756 iure
538 689 663 774 optimo
694 709 791 773 posse
823 686 958 753 laudari.
1012 686 1169 754 Omnium
1197 703 1210 743 ⁵

154 783 264 848 autem
287 800 409 862 rerum,
436 800 474 843 ex
497 775 615 862 quibu's
638 776 761 860 aliquid
784 775 981 860 adquiritur,
1007 775 1095 840 nihil
1119 779 1169 841 est

154 868 227 955 agri
250 869 378 934 cultura
399 866 525 950 melius,
546 865 630 930 nihil
652 864 798 947 uberius,
819 863 903 928 nihil
925 863 1062 946 dulcius,
1085 863 1169 929 nihil

154 955 285 1022 homine
315 954 418 1020 libero
451 953 595 1037 dignius,
627 951 666 1016 de
699 974 763 1037 qua
795 951 947 1036 quoniam
979 951 1014 1018 in
1041 949 1169 1018 Catone

154 1044 278 1110 maiore
301 1042 381 1108 satis
404 1042 508 1108 multa
535 1039 687 1124 diximus,
713 1039 799 1106 illim
827 1059 987 1122 assumes,
1014 1060 1101 1123 quae
1128 1039 1170 1106 ad

102 1130 242 1253 43hunc
264 1129 616 1232 locum-pertinentium.
1002 1217 1009 1229 ρ
1185 1146 1211 1186 ιν

104 1266 198 1372 lta
220 1216 351 1374 {till
373 1218 715 1390 ttttlltett?
729 1216 1170 1389 tttlttttttttt

154 1395 278 1462 Eorum
301 1399 410 1461 autem
432 1395 587 1479 ipsorum,
610 1415 692 1478 quae
715 1392 853 1458 honesta
876 1395 962 1475 sunt,
987 1395 1101 1478 potest
1123 1393 1169 1458 in-

153 1483 260 1550 cidere
279 1504 375 1568 saepe
394 1481 558 1548 contentio
578 1484 611 1546 et
629 1480 840 1565 comparatio,
863 1478 902 1544 de
920 1478 1046 1546 duobus
1070 1481 1169 1548 hone·

156 1572 217 1636 stis
239 1575 350 1637 utrum
372 1569 555 1651 honestius,
584 1569 641 1652 qui
666 1569 758 1634 locus
781 1591 801 1634 a
823 1567 980 1634 Panaetio
1003 1572 1055 1634 est
1078 1585 1209 1652 prae1⁵

155 1660 334 1724 termissus.
370 1656 544 1722 Nemeum
564 1656 669 1721 omnis
687 1657 842 1722 honestas
857 1660 967 1720 manet
981 1678 1001 1720 a
1016 1657 1168 1741 partibus

157 1748 321 1830 quattuor,
344 1765 481 1829 querum
498 1766 564 1810 uua
583 1744 626 1808 sit
644 1743 851 1830 cognitionis,
869 1745 973 1810 altera
991 1746 1169 1811 communi-

155 1834 246 1917 tatis,
263 1833 363 1900 tertia
380 1831 671 1918 magnanimitatis,
688 1836 807 1916 quarta
825 1832 1066 1916 moderationis,
1088 1833 1169 1899 haec

155 1922 191 1988 in
218 1921 389 2008 deligendo
417 1921 524 1990 officio
552 1943 648 2006 saepe
675 1921 761 1986 inter
791 1941 826 1986 se
853 1924 1084 2005 comparentur
1115 1944 1168 1987 ne
1244 1921 1245 1946 ¹

105 2026 156 2078 loe
170 2033 259 2077 cesse
291 2015 350 2076 est.
403 2009 517 2076 Placet
548 2009 650 2095 igitur
681 2008 810 2094 aptiora
847 2029 919 2074 esse
955 2011 1095 2074 naturae
1131 2031 1169 2074 ea
1184 2026 1209 2066 ν

156 2099 274 2181 officia,
297 2120 378 2182 quae
397 2119 436 2162 ex
455 2097 697 2180 communitate,
719 2118 818 2180 quam
831 2119 878 2180 ea,
899 2119 982 2180 quae
1001 2118 1041 2160 ex
1059 2098 1169 2183 cogni·

155 2187 245 2252 tione
264 2183 430 2267 ducantur,
447 2184 543 2268 idque
561 2185 624 2250 hoc
638 2187 831 2270 argumento
845 2184 1030 2250 confirmari
1048 2190 1169 2271 potest,

156 2272 252 2356 quod,
275 2272 304 2336 si
325 2272 501 2357 contigerit
523 2294 562 2337 ea
581 2273 651 2336 vita
669 2273 818 2358 sapienti,
840 2277 878 2338 ut
896 2273 1041 2338 omnium
1058 2295 1169 2340 rerum
1243 2349 1244 2352 Ἴ

157 2359 365 2426 affluentibus
388 2360 490 2444 copiis
515 2360 690 2444 [quamvis]
720 2361 843 2446 omnia,
870 2383 953 2444 quae
980 2361 1168 2446 cognitione
1243 2360 1244 2441 l

157 2448 256 2533 digna
279 2448 354 2533 sint,
376 2469 503 2513 summo
527 2449 595 2513 otio
619 2470 727 2514 secum
749 2449 820 2533 ipse
842 2448 1024 2514 consideret
1043 2453 1077 2514 et
1096 2472 1169 2516 con·
1184 2465 1208 2506 ν

157 2536 346 2620 templetur,
372 2539 497 2619 tamen,
525 2535 553 2602 si
576 2535 719 2602 solitudo
741 2539 837 2602 tanta
859 2536 916 2619 sit,
941 2540 978 2602 ut
1000 2536 1170 2604 hominem

156 2624 265 2690 videre
279 2645 345 2688 non
363 2624 479 2709 possit,
496 2623 629 2691 excedat
647 2647 664 2689 e
682 2624 759 2691 vita.
790 2623 1008 2709 Princepsque
1022 2627 1169 2692 omnium

155 2711 315 2778 virtutum
329 2713 388 2778 illa
402 2712 571 2798 sapientia,
590 2734 688 2798 quam
704 2715 829 2796 σοφίαν
843 2710 960 2778 Graeci
978 2718 1107 2796 vocant,
1125 2750 1169 2760 -

156 2800 362 2886 prudentiam
381 2801 477 2885 enim,
495 2823 593 2885 quam
608 2800 723 2868 Graeci
741 2796 910 2886 φρόνησιν
929 2801 1049 2884 dicunt,
1068 2802 1169 2868 aliam
1242 2843 1243 2890 t

158 2888 321 2972 quandam
342 2888 579 2975 intellegimus,
604 2911 686 2972 quae
710 2891 761 2953 est
782 2908 890 2954 rerum
914 2889 1169 2974 expetendarum
1183 2905 1209 2946 ³0
1242 2893 1243 2928 r

155 2975 447 3062 fugiendarumque
470 2976 618 3060 scientia,
644 2976 704 3040 illa
730 2978 838 3041 autem
868 2976 1042 3062 sapientia,
1070 3000 1169 3062 quam

156 3063 336 3150 principem
363 3063 444 3147 dixi,
471 3085 579 3130 rerum
606 3068 657 3129 est
685 3064 868 3131 divinarum
894 3068 928 3129 et
952 3065 1170 3132 humanarum

158 3151 307 3237 scientia,
329 3153 365 3220 in
387 3173 452 3236 qua
474 3152 658 3218 continetur
681 3151 815 3218 deorum
837 3156 871 3216 et
893 3152 1061 3218 hominum
1085 3176 1170 3220 ccm-

158 3239 302 3304 munitas
326 3243 359 3306 et
382 3239 520 3306 societas
542 3240 628 3306 inter
650 3241 755 3326 ipsos3
777 3261 815 3308 ee
838 3240 867 3304 si
885 3241 1027 3306 maxima
1050 3246 1111 3325 est,
1133 3248 1170 3308 ut

159 3328 209 3390 est
237 3331 337 3410 certe,
363 3347 494 3394 necesse
521 3331 584 3412 est,
612 3328 699 3413 quod
725 3351 746 3393 a
772 3329 1004 3394 communitate
1031 3329 1169 3397 dueatur
1183 3345 1208 3388 ³⁵

159 3411 311 3497 officium,
334 3413 367 3478 id
391 3435 461 3481 esse
484 3415 670 3482 maximum.
706 3416 839 3482 Etenim
861 3416 1005 3502 cognitio
1028 3421 1170 3484 contem·
1241 3409 1242 3419 ¹

158 3500 327 3586 platioque
340 3505 477 3568 naturae
491 3524 606 3570 manca
625 3503 765 3588 quodem
784 3503 880 3570 modo
900 3507 997 3588 atque
1015 3504 1171 3572 inchoata
