2504 3950
147 171 191 236 74
532 169 581 223 DE
600 167 751 224 osricus

94 349 127 399 51
146 332 226 400 iuris
249 332 354 399 civilis
376 334 412 398 in
433 333 549 418 primis
571 332 695 417 peritus
718 330 791 398 fuit.
837 329 946 414 Atque
969 331 1071 396 etiam
1094 330 1162 396 hoc

146 426 355 507 praeseptum
383 421 481 487 officii
508 421 683 506 diligenter
709 417 884 484 tenendum
908 421 972 502 est,
993 441 1035 484 ne
1059 441 1161 504 quem

146 532 301 594 umquam
323 510 527 576 innocentem
549 509 667 574 iudicio
690 507 807 593 capitis
827 527 990 591 arcessam
1011 507 1047 572 id
1069 507 1161 572 enim

146 599 216 662 sine
244 599 364 663 scelere
392 599 461 663 fieri
488 597 580 662 nullo
607 600 704 682 paeto
732 599 851 680 potest.
895 593 982 659 Nam
1006 595 1162 680 quidest

146 690 216 751 tam
238 685 450 752 inhumanum
469 685 567 770 quam
586 685 805 768 eloquentiam
828 687 986 748 enatura
1009 683 1051 748 ad
1070 683 1161 748 salu·
1188 701 1201 741 s

146 779 214 839 tem
236 773 405 840 hominum
433 779 466 838 et
493 774 534 838 ad
556 772 834 839 conservationem
858 771 968 836 datam
991 771 1033 836 ad
1055 772 1161 838 bono-

146 884 219 927 rum
241 867 368 946 pestem
391 861 629 948 perniciemque
652 859 862 926 convertere?
898 857 967 925 Nec
984 864 1108 944 tamen,
1121 864 1160 925 ut

146 950 209 1016 hoc
231 949 420 1036 fugiendum
448 954 511 1034 est,
538 949 619 1014 item
646 953 697 1014 est
719 947 904 1013 habendum
926 948 1079 1034 religioni
1103 969 1160 1013 no-

95 1053 101 1060 ·
147 1041 274 1103 centem
297 1037 485 1122 aliquando,
507 1038 605 1103 modo
627 1059 668 1102 ue
686 1037 847 1102 nefarium
869 1037 1082 1122 impiumque,
1106 1035 1160 1100 de·

146 1126 291 1211 sendere3
313 1127 386 1191 vult
408 1127 470 1192 hoc
493 1126 683 1210 multitudo,
705 1125 832 1210 patitur
855 1123 1069 1208 cousuetudo,
1092 1124 1160 1189 fert
1175 1143 1201 1183 u

147 1213 247 1278 etiam
264 1214 466 1281 humanitas.
502 1213 620 1280 Iudicis
640 1218 691 1279 est
712 1233 840 1298 semper
863 1213 898 1276 in
915 1213 1022 1278 causis
1045 1233 1161 1278 verum

148 1303 254 1387 sequi,
278 1304 408 1388 patroni
430 1324 497 1369 non
519 1323 697 1385 numquam
714 1301 784 1367 veri
804 1301 923 1385 simile,
947 1302 1078 1366 etiamsi
1101 1301 1160 1366 mi·

147 1412 209 1456 nus
237 1391 281 1456 sit
306 1413 433 1475 verum,
462 1390 645 1473 defenders3
673 1390 760 1474 quod
781 1389 936 1473 scribere,
963 1390 1161 1475 praesertim
1247 1402 1248 1428 ³

147 1500 221 1544 eum
253 1480 292 1544 de
313 1480 532 1565 philosophia
569 1479 758 1562 scriberem,
793 1499 860 1543 non
887 1478 1058 1561 auderem,
1095 1478 1161 1542 nisi

147 1567 233 1632 idem
247 1569 391 1653 placeret
405 1567 598 1652 gravissimo
613 1565 805 1649 Stoicorum,
818 1565 984 1631 Panaetio.
1005 1565 1160 1632 Maxume
1175 1585 1200 1625 ¹⁵

149 1660 259 1720 autem
282 1659 315 1719 et
334 1656 440 1740 gloria
457 1655 585 1740 paritur
603 1659 637 1719 et
655 1655 764 1740 gratia
782 1653 1036 1738 defensionibus,
1055 1675 1161 1738 eoque

149 1744 262 1826 maior,
289 1743 318 1806 si
345 1743 474 1827 quando
502 1743 632 1826 accidit,
660 1747 697 1808 ut
720 1743 750 1806 ei
773 1743 991 1826 subveniatur,
1019 1742 1076 1826 qui
1104 1764 1161 1827 po·

147 1830 248 1895 tentis
263 1831 399 1896 alicuius
413 1832 530 1917 opibus
544 1831 767 1898 circumveniri
786 1831 981 1916 urguerique
999 1829 1160 1914 videatur,

148 1923 185 1984 ut
208 1941 267 1984 nos
291 1925 325 1985 et
348 1941 445 2006 saepe
467 1921 548 1986 alias
572 1925 607 1984 et
624 1920 844 1984 adulescentes
863 1923 979 1983 contre
996 1918 1031 1982 L.
1046 1916 1160 1982 Sullae
1248 1967 1249 1996 ,

149 2008 347 2073 dominantis
380 2030 457 2094 opes
490 2030 549 2092 pro
578 2005 648 2072 Sex.
671 2007 790 2072 Roscio
824 2007 979 2072 Amerino
1011 2005 1160 2090 fecimus,
1175 2025 1202 2065 ao

150 2117 246 2179 quae,
268 2101 307 2161 ut
330 2097 406 2179 scia,
430 2100 538 2160 exstat
560 2095 674 2160 oratio.

99 2163 140 2224 15
215 2181 279 2247 Sed
301 2184 457 2267 expositis
481 2181 735 2248 adulescentium
763 2182 892 2266 officiis,
920 2205 1003 2268 quae
1025 2184 1161 2249 valeant

95 2237 130 2288 ⁵²
150 2270 190 2336 ad
214 2271 354 2356 gloriam
378 2271 631 2356 adipiscendam,
653 2271 805 2357 deinceps
828 2272 867 2338 de
885 2272 1099 2337 beneficentia
1122 2293 1161 2338 ae

150 2359 188 2424 de
211 2359 411 2426 liberalitate
438 2359 608 2424 dicendum
635 2364 698 2441 est3
726 2361 815 2424 cuius
843 2365 894 2425 est
916 2360 1001 2426 ratio
1025 2360 1161 2446 duplex3

148 2469 225 2513 narn
253 2451 310 2513 aut
338 2468 438 2532 opera
459 2448 598 2532 benigne
626 2448 665 2512 lit
687 2447 908 2534 indigentibus
932 2453 990 2513 aut
1011 2449 1160 2532 pecunia.
1175 2463 1202 2506 2⁵

149 2535 289 2600 Facilior
318 2539 370 2600 est
391 2535 470 2602 haec
493 2536 664 2622 posterior,
687 2536 842 2620 locupleti
864 2537 1072 2622 praesertim,
1102 2537 1161 2602 sed

148 2623 208 2688 illa
226 2624 347 2690 lautior
361 2645 399 2690 ac
414 2624 612 2711 splendidior
627 2625 660 2690 et
674 2623 744 2689 viro
758 2623 842 2712 forti
852 2625 1005 2710 claroque
1019 2624 1160 2710 dignior.

149 2710 353 2796 Quamquam
372 2714 510 2778 enimin
527 2717 665 2798 utroque
682 2712 769 2777 inest
787 2712 991 2798 gratificandi
1010 2714 1160 2778 liberalis

88 2819 93 2826 ’
149 2801 316 2885 voluntas,
337 2806 449 2867 tamen
472 2802 578 2867 altera
600 2823 638 2865 ex
662 2821 752 2883 area,
775 2802 882 2866 altera
903 2823 943 2865 ex
961 2799 1083 2866 virtute
1107 2801 1160 2866 de

149 2890 319 2973 promitur,
338 2890 548 2976 largitioquc,
567 2909 650 2973 quae
668 2888 706 2952 fit
725 2909 764 2952 ex
787 2910 823 2953 rs
840 2889 1009 2973 familiari,
1030 2889 1159 2972 fontem
1175 2907 1203 2948 so

148 2977 256 3061 ipsum
278 2978 491 3064 benignitatis
514 2977 673 3042 exhaurit.
707 2974 760 3040 lta
783 2977 986 3063 benignitate
1009 2977 1161 3064 benigni-

148 3068 200 3130 tas
223 3065 367 3150 tollitur,
390 3087 455 3150 qua
477 3085 541 3151 quo
564 3065 599 3130 in
620 3066 731 3150 plures
754 3085 832 3130 usus
851 3066 909 3150 sis,
932 3085 970 3130 eo
993 3065 1100 3130 minus
1124 3067 1161 3130 in

96 3166 130 3215 53
149 3154 270 3218 multos
290 3154 339 3218 uti
356 3155 473 3238 possis.
508 3153 555 3218 At
573 3154 629 3237 qui
647 3173 758 3238 opera,
779 3153 813 3219 id
836 3158 887 3218 est
908 3154 1030 3218 virtute
1053 3157 1087 3218 et
1109 3154 1160 3218 in-

149 3241 288 3322 dustria,
305 3242 441 3308 benefici
459 3246 492 3307 et
510 3241 663 3306 liberales
680 3245 788 3325 erunt,
807 3243 962 3331 primum,
977 3262 1040 3325 quo
1058 3242 1160 3327 pluri-

148 3329 210 3394 bus
233 3329 428 3414 profuerint,
458 3352 496 3395 eo
523 3330 634 3414 plures
666 3329 707 3394 ad
734 3329 873 3416 benigne
895 3329 1078 3394 faciendum
1102 3330 1160 3394 ad·
1174 3347 1203 3387 ³⁵

148 3416 271 3481 iutorcs
294 3417 475 3501 habebunt,
499 3417 574 3482 dein
595 3417 827 3483 consuetudine
849 3417 1080 3483 beneticentiae
1103 3439 1161 3502 pa·

148 3504 287 3570 ratiores
311 3509 406 3568 cnmt
433 3509 466 3570 et
493 3510 663 3588 tamquam
685 3506 927 3572 exercitatiores
950 3505 992 3571 ad
1014 3505 1098 3570 bene
1119 3506 1161 3572 de
