2504 3950
153 178 218 242 114
544 172 594 228 DE
612 171 763 228 ormena

151 342 205 404 tus
229 358 313 421 esse,
342 335 455 420 quire
478 356 556 401 vera
576 355 644 400 non
666 337 752 400 esset
773 334 882 418 heres,
907 334 943 399 in
963 331 1051 418 foro,
1080 332 1160 398 mihi
1237 387 1238 424 ,

152 425 254 510 crede,
276 426 422 490 saltaret.
455 421 563 490 Homo
587 426 696 488 autem
718 421 824 488 iustus
846 422 948 506 isque,
971 441 1069 505 quem
1093 442 1161 487 sen-
1237 433 1238 480 ς

151 515 251 579 timus
274 513 380 578 virum
402 512 534 595 bonum,
555 510 638 576 nihil
657 509 815 593 cuiquam,
838 509 925 594 quod
940 509 978 573 in
997 530 1033 574 se
1055 513 1162 574 trans·

151 601 250 684 ferat,
277 600 435 666 detrahet.
479 598 552 665 Hoc
578 599 635 683 qui
663 597 855 681 admiratur,
882 597 988 681 is'se,
1016 596 1096 690 quid
1117 597 1163 662 sit

100 705 134 756 to
152 689 202 754 vir
224 689 343 773 bonus,
364 688 488 754 nescire
509 686 661 752 fateatur.
706 685 752 751 At
774 707 867 769 vero,
890 684 919 750 si
942 684 997 769 qui
1020 685 1163 750 voluerit
1187 703 1199 743 ⁵

152 777 253 842 animi
270 777 321 842 sui
338 776 565 860 complicatam
583 774 750 843 notionem
769 774 926 856 evolvere,
947 773 1014 837 iam
1038 793 1074 837 se
1091 773 1163 858 ipse
1238 797 1239 832 l

152 866 266 931 doceat
284 886 358 929 eum
375 863 481 928 virum
498 864 621 928 bonum
638 882 718 945 esse,
741 862 797 945 qui
814 861 928 946 prosit,
951 861 1070 944 quibus
1089 882 1162 945 pos-

153 954 205 1036 sit,
226 955 343 1017 noceat
364 950 485 1016 nemini
506 949 571 1015 nisi
593 950 762 1016 lacessitus
785 949 912 1014 iniuria
952 947 1037 1024 Quid
1061 949 1163 1035 ergo?

151 1041 289 1106 hicnon
304 1043 430 1123 noceat,
453 1038 509 1123 qui
531 1037 671 1123 quodam
691 1037 784 1121 quasi
800 1057 924 1102 veneno
944 1036 1103 1121 perficiat,
1127 1041 1164 1101 ut

152 1147 246 1193 veros
269 1126 402 1193 heredes
426 1131 565 1210 moveat,
586 1126 621 1191 in
643 1146 754 1191 eorum
773 1125 880 1190 locum
898 1124 969 1209 ipse
988 1124 1163 1190 succedat?
1177 1143 1201 1182 ra
1239 1100 1240 1182 l

152 1213 239 1281 ‘Non
261 1215 364 1300 igitur
385 1213 506 1300 faciat',
528 1214 646 1279 dixerit
668 1214 751 1298 quis,
774 1211 872 1297 ‘quod
894 1211 975 1283 utile
999 1211 1052 1296 sit,
1077 1213 1165 1296 quod

152 1303 336 1388 expediar
381 1301 486 1369 Immo
517 1303 690 1388 intellegat
720 1300 803 1366 nihil
834 1321 894 1366 nec
925 1299 1076 1385 expedire
1104 1321 1164 1367 nec

152 1392 233 1457 utile
257 1411 341 1477 esse,
368 1392 454 1476 quod
481 1390 525 1455 sit
551 1391 721 1473 iniustum3
747 1389 810 1454 boc
833 1388 890 1473 qni
910 1410 977 1455 non
1005 1388 1165 1474 didicerit,

112 1481 257 1548 'ltbonus
280 1480 330 1544 vir
353 1500 422 1544 esse
444 1501 510 1544 non
532 1479 662 1564 poterit.
699 1476 732 1544 0.
754 1475 934 1542 Fimbriam
957 1476 1164 1542 consularem
1240 1532 1241 1561 ,

153 1568 323 1633 audiebam
350 1568 388 1631 de
419 1571 513 1652 patre
543 1570 656 1631 nostro
684 1587 764 1651 puer
790 1565 929 1631 iudicem
954 1563 998 1631 M.
1025 1563 1164 1630 Lutatio
1178 1581 1200 1622 ¹⁵
1240 1569 1241 1632 ἕ

152 1655 302 1720 Pinthiae
323 1653 436 1738 fuisse,
464 1653 566 1738 equiti
587 1653 737 1719 Romano
760 1675 837 1718 sane
859 1653 1012 1735 honesto,
1036 1674 1111 1718 cnm
1136 1654 1165 1718 is

153 1742 360 1827 sponsionem
382 1741 525 1826 fecisset,
553 1758 591 1806 m
614 1759 673 1806 vm
694 1758 808 1807 nouus
830 1757 946 1807 ussum.
990 1739 1109 1824 Itaque
1135 1742 1165 1807 ei

153 1830 271 1895 dixisse
284 1828 463 1896 Fimbriam
481 1851 516 1895 se
532 1829 626 1895 illam
644 1849 714 1895 rem
732 1849 911 1913 numquam
934 1828 1165 1914 iudicaturum,

152 1921 274 1984 ne'aut
296 1917 453 2004 spoliaret
474 1917 564 1984 fama
585 1918 760 2003 probatum
782 1916 961 2001 hominem,
991 1916 1020 1980 si
1048 1921 1166 1984 contra

151 2007 367 2091 iudicavisset,
391 2011 447 2072 aut
465 2006 620 2072 statuisse
637 2005 801 2072 videretur
818 2005 925 2070 virum
942 2005 1066 2071 bonum
1090 2025 1164 2072 esse
1177 2020 1201 2060 ²⁰
1241 2007 1242 2033 ¹

153 2095 303 2179 aliquem,
325 2097 399 2159 eum
421 2116 460 2159 ea
481 2116 534 2159 res
555 2093 845 2159 innumerabilibus
868 2091 984 2158 officiis
1007 2095 1041 2157 et
1058 2093 1164 2158 laudi·

152 2184 213 2246 bus
236 2182 463 2246 contineretur.
508 2180 592 2246 Huic
613 2181 717 2266 igitur
738 2180 809 2247 viro
832 2180 934 2265 bono,
956 2201 1053 2266 quern
1076 2179 1165 2247 Fim-

152 2268 225 2333 bria
247 2267 360 2352 etiam,
385 2289 452 2334 non
479 2268 575 2334 modo
598 2265 748 2335 Socrates
770 2273 920 2353 noverat,
946 2269 1038 2333 nullo
1062 2270 1164 2335 modo

152 2356 255 2422 rideri
276 2359 385 2442 potest
405 2356 575 2440 quiequam
597 2378 667 2423 esse
685 2358 774 2442 utile,
797 2356 884 2441 quod
901 2377 968 2422 non
985 2356 1164 2423 honestum

153 2444 205 2509 sit.
236 2443 352 2529 Itaque
370 2445 447 2508 talis
466 2444 516 2508 vir
533 2467 599 2510 non
617 2445 713 2511 modo
732 2445 848 2529 faeere,
871 2444 927 2510 sed
948 2465 990 2509 ne
1013 2444 1163 2530 cogitare
1176 2459 1201 2500 ²⁵

153 2531 283 2616 quidem
296 2531 468 2616 quicquam
482 2532 622 2616 audebit,
641 2533 727 2617 quod
744 2554 810 2599 non
828 2532 946 2598 audeat
963 2533 1163 2618 praedicare.

152 2619 242 2686 Haec
266 2641 334 2685 non
359 2624 455 2706 turpe
484 2625 536 2686 est
566 2620 715 2686 dubitare
746 2620 973 2707 philosophos,
1004 2641 1088 2704 quae
1120 2643 1163 2686 ne

152 2707 265 2774 mstiei
288 2708 418 2793 quidem
440 2708 609 2776 dubitent?
633 2709 788 2794 aquibus
806 2712 920 2774 natum
938 2709 1049 2793 estid,
1073 2709 1162 2794 quod

152 2797 218 2861 iam
241 2796 420 2862 contritum
439 2801 489 2862 est
511 2800 682 2882 vetustate,
704 2797 921 2882 proverbium.
942 2796 946 2802 ’
965 2793 1048 2862 Cum
1071 2797 1161 2862 enim

152 2884 248 2949 fidem
271 2885 406 2950 alicuius
429 2884 672 2969 bonitatemque
695 2884 838 2968 laudant,
861 2884 995 2972 dignum
1018 2905 1090 2949 esse
1114 2885 1200 2950 ‹li-a

153 2975 238 3056 cunt,
261 2970 402 3056 ‘quicum
420 2973 456 3037 in·
468 2973 610 3039 tenebris
625 2972 745 3038 mices'.
780 2971 853 3037 Hoc
865 2994 963 3057 quarn
976 2971 1078 3038 habet
1091 2973 1161 3038 vim

151 3059 215 3124 nisi
242 3060 348 3146 illam,
374 3060 457 3125 nihil
485 3061 646 3145 expedire,
676 3061 762 3145 quod
787 3081 855 3125 non
877 3061 1001 3144 deceat,
1029 3060 1161 3125 etiarnsi

101 3161 134 3211 'ts
153 3147 186 3212 id
208 3148 314 3232 possis
337 3149 428 3214 nullo
451 3148 620 3214 refellente
643 3148 811 3234 optinere?
847 3147 988 3213 Videsne
1006 3148 1068 3213 hoe
1085 3169 1160 3233 pro-

152 3235 264 3301 verbio
287 3257 391 3320 neque
409 3235 495 3324 Gygi
517 3237 567 3301 illi
589 3259 686 3322 posse
703 3237 831 3302 veniam
855 3236 925 3302 dari
946 3257 1050 3320 neque
1073 3236 1159 3320 huic,

152 3323 458 3474 ttttltlrtt
476 3325 829 3496 tltttttlttt
842 3324 1048 3478 bitti?
1067 3324 1160 3494 tt·
1173 3337 1199 3377 ³⁵

151 3499 247 3580 turpe
274 3499 338 3579 est,
368 3496 416 3581 id,
445 3499 592 3582 quamvis
622 3500 815 3584 occultetur,
846 3503 957 3565 tamen
983 3460 1159 3564 hobestum
