2570 3944
482 597 521 664 E.
553 595 827 664 FRAGMENTA

407 719 902 787 EPISTULARUM.

456 902 481 962 I.
512 902 569 962 AD
590 903 631 962 M.
654 900 847 963 TITINIUM.

216 1034 338 1102 Sueten.
360 1037 397 1102 de
413 1036 487 1102 rhet.
504 1041 536 1103 2.
567 1037 605 1103 L.
622 1035 744 1104 Plotim
761 1036 883 1104 Gallus.
914 1037 964 1104 De
984 1036 1040 1104 mc
1057 1035 1162 1104 Cicero

149 1126 185 1191 iu
206 1125 339 1210 epistula
359 1127 404 1191 od
418 1126 467 1191 M,
487 1126 640 1190 Titinium
661 1127 706 1191 sio
727 1126 835 1206 refert:
857 1125 1017 1209 Equidem
1040 1147 1161 1191 memo·
1191 1145 1206 1186 5

149 1213 199 1300 ris
221 1218 317 1278 teneo
339 1213 448 1300 pueris
470 1213 564 1280 nobis
587 1213 730 1300 primum
747 1213 863 1280 Latine
884 1214 996 1279 docere
1014 1215 1161 1299 coepisse

148 1301 184 1367 L.
202 1301 348 1367 Plotium
367 1303 536 1387 quendam.
573 1301 626 1368 Ad
646 1324 742 1387 quern
765 1323 839 1368 cum
860 1302 953 1368 fieret
975 1323 1161 1386 concursus,

150 1390 236 1475 quod
269 1389 524 1456 studiosissimus
557 1391 693 1476 quisquc
725 1389 811 1474 apud
842 1411 915 1456 eum
949 1395 1160 1475 exerceretur,

149 1477 300 1544 dolebam
332 1479 414 1544 mssri
444 1478 530 1544 idem
561 1500 628 1544 non
658 1479 764 1543 licere.
818 1477 1017 1544 Continebar
1048 1483 1159 1544 autem

149 1566 410 1632 doctissimorum
431 1566 601 1632 hominum
623 1566 828 1650 auctoritate,
849 1567 906 1652 qui
925 1567 1159 1636 existimabant
1174 1589 1204 1629 ro

149 1653 281 1720 Graccis
304 1653 589 1720 exercitationibus
613 1653 658 1719 ali
680 1653 796 1720 melius
819 1654 950 1742 ingenia
972 1677 1078 1740 posse.

270 1959 310 2021 11.
342 1958 398 2019 AD
422 1957 659 2020 CORNELIUM
680 1956 874 2019 NEPOTEM
896 1960 973 2020 LIB.
994 1959 1035 2019 IL

216 2091 798 2162 1.Mmroo.sm.111.1etteero
822 2095 1022 2162 —intibro
1048 2097 1158 2178 epum-

148 2182 252 2246 lorum
277 2183 322 2247 od
346 2182 522 2248 Cornelium
549 2181 696 2264 Nepotem
721 2183 850 2249 serrendo
875 2185 920 2249 sic
945 2184 1009 2248 uit:
1040 2183 1159 2269 Itaque

146 2269 261 2353 nostri,
275 2291 348 2335 oum
361 2268 479 2353 omnia,
498 2291 580 2353 quae
595 2270 795 2355 dixissemus,
813 2269 923 2336 ‘dicta'
937 2273 1054 2355 essent,
1073 2293 1158 2356 quae
1173 2290 1200 2330 1⁵

146 2357 251 2423 facete
274 2360 307 2422 et
330 2356 472 2422 breviter
495 2360 528 2422 et
551 2361 645 2424 acute
667 2358 769 2424 locuti
791 2379 944 2439 essemus,
966 2381 1005 2426 ea
1022 2361 1157 2448 proprio
1273 2431 1274 2436 ,

145 2445 276 2512 nomine
299 2444 460 2532 appellari
481 2444 591 2512 ‘dicta'
615 2448 796 2512 voluerunt.
1273 2449 1274 2452 ’

346 2599 396 2656 AD
414 2598 571 2656 EUNDEM
589 2601 638 2656 EX
656 2601 764 2657 LIBRO
783 2601 951 2658 INCERTO.

212 2709 243 2794 2,
265 2711 295 2776 3.
322 2709 506 2778 Priscmmms
533 2709 627 2777 VIII
644 2713 675 2775 4.
697 2715 741 2776 17
762 2732 796 2794 p.
817 2715 890 2778 383.
915 2715 936 2779 1
961 2709 1006 2777 Η.
1051 2710 1156 2782 vicero

145 2799 189 2864 od
209 2797 372 2882 Nepotem:
399 2797 471 2864 Hoc
493 2798 661 2863 restiterat
684 2799 797 2881 etiam,
824 2803 862 2864 ut
885 2821 904 2864 a
927 2803 960 2865 te
987 2799 1072 2865 fictis
1100 2801 1154 2866 ad·
1170 2819 1197 2859 so

146 2885 297 2972 grederer
324 2886 417 2952 donis
445 2885 653 2970 ‘adprederer’
676 2888 800 2970 passive
830 2887 923 2966 dicit,
956 2887 1155 2972 ἐνεδρευθῶ.

144 2973 188 3040 Im
210 2975 326 3040 eodem:
350 2972 413 3049 Qui
435 2974 544 3058 habet,
566 2975 653 3040 ultro
678 2975 851 3060 appetitur,
874 2976 929 3060 qui
951 2979 1001 3042 est
1022 2997 1155 3062 pauper,

146 3066 350 3147 aspernatur,
367 3065 502 3146 passive,
526 3061 761 3141 ἐξουθενεῑται.
951 3063 954 3066 ’
1113 3064 1117 3072 ’

211 3151 242 3216 4.
269 3150 433 3218 Suetonius
463 3152 524 3218 dio.
550 3149 613 3216 Iul.
640 3153 682 3216 55
708 3148 812 3218 Omero
838 3187 884 3198 —
909 3151 953 3218 od
978 3151 1155 3218 &medium

144 3237 291 3319 Nepotem
312 3240 349 3304 de
371 3239 471 3304 eodem
493 3238 654 3323 (omme)
676 3238 722 3304 ito
749 3240 887 3322 sempsit:
915 3237 1020 3315 Quid?
1049 3245 1155 3306 orato
1169 3255 1195 3296 2⁵

144 3345 218 3388 rum
241 3346 337 3408 quem
359 3325 434 3390 huie
458 3330 634 3411 antepones
659 3347 779 3410 eorum,
802 3327 858 3411 qui
875 3327 957 3392 nihil
977 3328 1066 3394 eliud
1084 3349 1154 3413 ege

144 3411 243 3475 runt?
271 3413 343 3495 quis
371 3413 541 3477 sententiis
569 3417 626 3479 aut
653 3414 778 3479 acutior
806 3419 863 3481 aut
886 3416 1053 3481 crebrior?
1082 3416 1154 3501 quis

144 3496 253 3562 verbis
277 3501 334 3563 aut
357 3499 503 3564 ornatior
526 3502 582 3565 aut
602 3501 805 3587 elegantior?
