2504 3950
144 174 185 239 72
535 174 584 229 DE
604 172 754 230 orliens

142 337 219 421 tati,
232 357 345 402 verum
360 337 459 402 etiam
472 336 609 401 favetur.
635 334 748 402 Prima
765 335 867 422 igitur
883 339 936 401 cst
954 336 1154 404 adillescenti
1249 335 1250 342 '

142 425 379 490 commendatio
412 425 453 490 ad
485 425 638 510 gloriam,
670 424 698 488 si
731 446 794 507 que
827 445 865 490 ex
897 425 1023 490 bellicis
1054 427 1154 492 rebus

142 513 324 597 comparari
347 516 469 597 potest,
493 513 529 576 in
551 534 615 596 qua
638 512 734 577 multi
753 512 839 597 apud
860 513 1001 578 maiores
1019 517 1154 580 nostros

143 602 351 684 exstiterimt3
374 622 501 685 semper
523 602 609 665 enim
632 600 700 664 lere
723 601 811 665 bella
834 602 1040 686 gerebantur.
1082 601 1155 668 Tua

143 693 253 756 antem
279 694 371 755 aetus
398 689 511 754 incidit
536 687 573 752 in
598 689 633 753 id
660 689 797 772 bellum,
820 689 913 754 cuitu
942 690 1047 755 altera
1074 712 1154 776 pars
1182 707 1196 748 ⁵

143 778 274 844 sceleris
296 778 434 844 nimium
456 777 584 856 habuit,
609 777 714 842 altera
735 777 904 844 felicitatis
922 799 1048 863 parom.
1079 777 1154 854 Quo

141 869 253 932 tamen
275 866 310 931 in
336 866 424 930 bello
451 887 525 930 cum
551 869 584 929 te
606 864 780 950 Pompeius
808 865 880 930 alae
908 867 1033 947 [alteri]
1061 889 1154 952 pree—
1249 893 1250 928 ι

129 953 287 1037 lecisset,
305 974 458 1038 magnam
477 952 606 1018 laudem
625 958 659 1018 ct
676 976 697 1018 a
715 975 842 1019 summo
861 954 932 1019 viro
950 960 984 1019 et
1001 956 1045 1021 ab
1065 977 1154 1020 exer-

142 1042 210 1106 citu
232 1041 470 1125 consequebare
492 1041 683 1125 equitando,
701 1042 887 1127 iaculando,
904 1043 994 1107 omni
1012 1043 1153 1108 militari
1249 1034 1250 1106 l

141 1129 255 1194 labore
278 1128 456 1194 tolerando.
501 1129 611 1214 Atque
637 1131 829 1214 ecquidem
852 1134 909 1196 tua
931 1132 1004 1196 laus
1023 1133 1153 1216 ,pariter
1169 1150 1197 1190 ιο

142 1237 216 1283 cum
251 1239 287 1282 re
322 1218 454 1303 publica
489 1218 613 1284 cecidit.
661 1217 744 1283 Mihi
780 1223 890 1284 autem
924 1219 1007 1284 haec
1043 1221 1153 1286 oratio
1249 1227 1250 1230 ’

143 1310 295 1391 suscepta
315 1328 382 1372 non
405 1308 443 1371 de
466 1310 583 1392 tecet,
604 1306 719 1373 sedda
742 1328 859 1394 genere
876 1311 962 1390 toto,
985 1329 1085 1391 quam
1108 1309 1151 1375 ob

89 1409 124 1459 46
142 1416 212 1460 rem
234 1417 409 1481 pergamus
433 1395 474 1460 ad
497 1417 550 1479 ea,
574 1399 814 1480 quaereetant.
851 1393 897 1460 Ut
920 1395 1023 1481 igitur
1045 1397 1081 1461 in
1104 1419 1152 1462 re
1249 1435 1250 1472 t

142 1484 241 1568 liquis
273 1485 370 1548 rebus
396 1484 503 1548 multo
530 1485 656 1548 maiora
683 1505 783 1568 opera
809 1487 887 1548 sunt
918 1484 1020 1549 animi
1051 1507 1151 1569 quam
1249 1473 1250 1560 l

142 1572 302 1656 corporis,
329 1571 377 1636 sic
400 1592 457 1635 ece
479 1592 545 1653 res,
574 1592 654 1654 ques
677 1571 809 1657 ingenio
830 1593 870 1637 ac
892 1573 1019 1638 ratione
1042 1590 1195 1658 perse-1⁵

142 1660 279 1743 quimur,
297 1659 459 1744 gratiores
478 1662 554 1724 sunt
568 1680 667 1742 quam
680 1660 773 1744 illae,
787 1681 869 1745 quas
882 1661 1016 1726 viribus.
1038 1660 1151 1727 Prima

140 1747 1150 1920 ltttttlttltttltttttssdttttttt

448 1885 457 1920 7
537 1882 544 1893 ,
850 1887 858 1902 ‚
1138 1875 1150 1885 .

140 1927 208 1990 tem
231 1923 318 1989 etin
336 1924 494 2008 optimam
511 1928 640 2010 partem
659 1929 899 2011 cognoscuntur
915 1925 1150 2010 adulescentes,

141 2012 197 2097 qui
224 2033 259 2076 se
285 2011 327 2076 ad
349 2013 456 2078 claros
484 2017 517 2076 et
541 2013 703 2097 sepientes
727 2013 814 2078 viros
838 2015 920 2078 bene
939 2015 1149 2080 consulentes
1164 2033 1194 2073 ²⁰
1249 2075 1250 2084 ,

140 2100 187 2164 rei
201 2099 351 2183 publicae
369 2099 589 2183 contulerunt3
612 2101 803 2184 quibuscum
818 2103 846 2166 si
859 2101 1045 2186 frequentes
1063 2108 1150 2188 sunt,
1249 2133 1250 2148 ¹

141 2187 325 2271 opinionem
340 2186 489 2252 adferunt
502 2187 624 2272 populo
643 2209 755 2254 corum
771 2189 844 2254 sore
862 2211 897 2255 se
915 2191 1049 2276 similes,
1065 2213 1149 2276 quos

88 2289 121 2338 47
141 2273 205 2338 sibi
229 2274 295 2358 ipsi
323 2273 503 2360 delegerint
530 2274 572 2340 ad
597 2275 800 2342 imitandum.
845 2276 881 2342 P.
908 2277 1014 2344 Rutili
1037 2279 1150 2345 adule

140 2361 298 2427 scentiam
315 2361 357 2426 ad
375 2362 561 2446 opinionem
579 2367 613 2428 et
629 2364 833 2431 innocentiae
852 2371 886 2430 et
898 2367 979 2432 iuris
992 2367 1150 2434 scientiae

138 2448 173 2516 P.
196 2449 284 2515 Muci
303 2450 543 2515 commendavit
562 2451 688 2517 domus.
733 2451 819 2518 Nam
842 2453 877 2520 L..
899 2455 1031 2539 quidem
1053 2455 1149 2522 Grae-
1162 2475 1191 2514 2⁵
1249 2475 1250 2542 l

139 2557 208 2620 sur,
231 2559 304 2603 cum
321 2542 410 2602 esset
432 2539 605 2605 admodum
624 2541 826 2626 adulescens,
842 2563 910 2608 non
927 2543 1058 2608 aliunde
1076 2566 1149 2611 mu-

137 2628 249 2690 tuatus
272 2629 332 2706 eet,
354 2627 412 2692 sed
434 2627 497 2692 sibi
514 2628 584 2713 ipse
606 2630 734 2716 peperit
751 2651 937 2697 maxumam
955 2632 1086 2699 laudern
1109 2655 1149 2700 ex

137 2713 197 2779 illa
219 2715 424 2782 accusatione
440 2715 545 2782 nobili
567 2721 601 2782 et
619 2719 779 2805 gloriosa,
802 2722 847 2803 et,
870 2741 936 2804 qua
958 2725 1067 2786 aetate
1091 2722 1148 2807 qui

137 2807 334 2890 exercentur,
356 2805 452 2870 laude
476 2805 570 2872 adfici
593 2809 711 2891 solent,
734 2811 773 2873 ut
795 2807 835 2872 de
852 2807 1074 2876 Demosthene
1096 2831 1148 2876 ac·
1249 2821 1250 2892 i

137 2891 294 2977 cepimus,
317 2913 356 2956 ea
378 2896 486 2959 aetate
508 2892 543 2958 L.
566 2891 704 2960 Crassus
732 2895 875 2962 ostendit
901 2897 935 2962 id
956 2917 993 2963 se
1011 2897 1050 2962 in
1071 2898 1147 2964 doro
1160 2915 1190 2958 ro
1249 2901 1250 2964 l

137 2981 270 3062 optume
301 2979 368 3045 iam
398 2981 519 3066 facere,
552 2983 638 3066 quod
670 2984 769 3048 etiam
795 2989 867 3050 tum
897 2989 1030 3070 poterut
1059 2986 1148 3052 domi

2 3061 3 3092 ³
86 3043 211 3169 {glemu
233 3067 329 3134 laude
347 3070 506 3134 meditari.
551 3067 613 3134 Sed
630 3091 706 3136 cum
724 3071 842 3157 duplex
860 3075 946 3140 ratio
965 3075 1010 3139 sit
1025 3074 1147 3142 oratio·

135 3154 358 3240 nir,quaru1n
380 3157 415 3223 in
438 3157 543 3222 altera
566 3179 673 3225 sermo
697 3159 755 3242 sit,
781 3161 816 3224 in
841 3161 948 3228 altera
970 3165 1147 3248 contentio,

135 3247 276 3308 nonest
302 3245 336 3310 id
363 3246 492 3330 quidem
522 3245 669 3331 dubium,
697 3247 776 3332 quin
797 3251 963 3316 contentio
985 3252 1146 3317 metionis
1249 3269 1250 3306 ὲ

136 3329 293 3395 maiorem
315 3333 383 3397 rim
405 3334 527 3400 habeat
548 3335 590 3400 ad
613 3336 755 3422 glorium
776 3334 831 3422 (ce
854 3342 905 3402 est
927 3339 1022 3424 enim,
1045 3361 1146 3424 quam
1159 3354 1186 3396 ³⁵
1249 3359 1250 3396 l

137 3416 356 3500 eloquentiam
384 3420 547 3506 dicimus)3
578 3423 635 3488 sed
667 3428 779 3490 tumen
806 3424 938 3492 difficile
968 3427 1058 3492 dictu
1085 3433 1146 3513 est,

137 3507 338 3591 quantopere
375 3509 526 3575 conciliet
557 3512 684 3578 animos
717 3511 855 3580 comitas
892 3513 1146 3602 adfabilitesque
