2516 3944
154 162 220 247 324
542 163 769 220 assemsum

221 325 272 391 91.
296 325 378 390 Nou.
399 347 434 408 p.
456 330 526 391 313.
549 330 594 392 29
615 327 663 391 Μ.
688 326 810 418 Tullius
835 327 871 392 iu
893 325 1079 392 Hortensio:
1108 348 1168 412 po-

154 412 277 478 nendae
301 417 378 477 sunt
399 414 479 478 fides
503 417 536 477 et
557 413 667 478 tibiae.

221 501 274 566 92.
297 502 379 567 Nou.
395 521 430 584 p.
452 507 523 567 411.
545 506 591 567 27
612 503 660 568 Μ.
684 501 807 568 Tullius
828 502 864 566 iu
886 501 1069 567 Hortensio:
1091 523 1167 567 eun·

155 588 228 653 dem
246 610 312 654 non
329 591 417 655 modo
437 589 591 656 mediocri
612 589 757 675 pecunia,
780 589 837 653 sed
859 589 959 654 etiem
981 589 1074 654 tenui
1095 611 1168 674 per·

155 698 260 761 erpere
282 698 464 762 possumus.
1198 697 1213 736 ⁵

222 765 274 830 93.
301 766 383 831 Nou.
405 786 439 848 p.
461 770 536 832 428.
562 767 587 830 2
612 765 661 831 Μ.
685 765 808 830 auctus
833 765 870 829 im
895 765 1082 831 Hortensio:
1109 767 1168 850 qui

154 852 238 1005 {lipsi
253 853 362 919 nescio
382 852 468 938 quid,
486 852 572 937 quod
589 852 625 917 in
641 853 839 938 primoribus
857 852 989 936 hebent,
1006 857 1044 918 ut
1064 853 1168 936 aiunt,

169 962 188 1006 e
212 961 266 1004 ms.

222 1029 274 1092 94.
297 1028 379 1094 Nau.
396 1050 430 1111 p.
453 1031 588 1095 39915
610 1028 658 1094 M.
682 1028 863 1096 I'ullimim
884 1027 1070 1094 Hortensio:
1097 1050 1167 1094 non

156 1119 190 1180 et
221 1116 290 1181 sine
322 1137 361 1181 ee
396 1116 595 1203 cogitatione
626 1116 774 1182 ineundis
806 1115 1084 1200 subducendisque
1116 1139 1166 1182 ra·
1183 1136 1212 1175 ιο

156 1203 310 1269 tionibus.
1057 1243 1063 1248 -

223 1292 275 1357 95.
298 1293 464 1377 Aupustiu.
490 1313 514 1358 c.
537 1292 656 1359 Iuliam.
679 1291 782 1375 Petam
804 1292 864 1359 IV
879 1295 928 1358 15.
952 1298 995 1359 78
1019 1286 1055 1358 Τ.
1078 1292 1115 1358 X
1133 1315 1167 1376 p.

156 1385 218 1446 411
230 1381 264 1446 A
281 1380 361 1446 Bou.
383 1381 642 1447 ed.Autu.1700
664 1381 785 1461 Quanto
807 1384 836 1446 te
855 1381 965 1446 uultus
986 1381 1167 1462 veritatique

155 1470 289 1535 uicimm
314 1470 351 1534 de
371 1469 530 1535 mmimum
549 1470 743 1551 permotione
767 1473 939 1547 senserunt,
963 1468 1167 1552 quoscum

156 1558 193 1621 im
214 1557 355 1622 extremis
376 1557 520 1638 partibus
542 1556 704 1622 Hortensii
730 1557 845 1638 diotopu'
866 1557 948 1622 uelut
968 1559 1040 1639 ipsa
1059 1578 1167 1623 rerum
1182 1575 1210 1616 ¹⁵

156 1646 306 1710 evidentia
328 1646 435 1710 ductus
460 1645 691 1727 compulsusque
711 1645 942 1711 commemorat!
987 1645 1074 1710 Nam
1096 1666 1167 1712 cum

157 1732 269 1817 muita,
295 1751 373 1814 quae
393 1734 530 1798 memus
551 1734 760 1817 operuimus,
786 1734 823 1798 dc
848 1732 1008 1798 hominum
1029 1735 1168 1800 comitate

154 1825 247 1903 atquc
268 1821 447 1902 infelicitate
468 1822 609 1905 dixisset,
629 1819 681 1885 Ex
707 1821 824 1905 quibus
852 1820 1027 1905 humanae,
1054 1822 1167 1905 iuquit,

129 1910 245 1975 uitae
273 1909 437 1976 erroribus
465 1913 498 1974 et
525 1909 687 1975 aerumnis
714 1909 767 1993 fit,
793 1912 831 1973 ut
853 1908 1016 1974 interdum
1037 1913 1166 1976 veteres

157 1997 207 2062 illi
221 1997 289 2062 sive
302 2001 395 2063 vetes
414 1999 482 2063 sive
499 1998 534 2063 in
552 1997 653 2063 sacris
670 1997 837 2080 initiisque
852 1996 1018 2062 tradendis
1037 1995 1167 2064 divinae
1180 2015 1208 2054 ²⁰

156 2086 277 2150 mentis
300 2086 503 2171 interpretes,
525 2086 582 2170 qui
603 2107 663 2150 nos
684 2085 726 2151 ab
746 2086 855 2168 alique
873 2084 995 2152 scelere
1013 2090 1167 2170 suscepte

157 2172 194 2237 in
219 2174 289 2238 uite
316 2174 481 2258 superiore
508 2195 686 2258 poenarum
717 2173 908 2238 luendarum
939 2193 1037 2238 oeura
1068 2178 1166 2239 natos

158 2281 230 2325 esse
252 2261 411 2345 dixerunt,
434 2261 556 2346 aliquid
579 2261 698 2326 vidisse
720 2260 900 2344 videantur,
922 2282 1098 2344 verumque
1121 2263 1167 2326 sit

157 2349 253 2434 illud,
281 2349 367 2434 quod
390 2353 440 2414 est
463 2348 549 2435 apud
570 2349 797 2433 Aristotelem,
826 2348 1008 2414 similinus
1031 2349 1166 2415 effectos

158 2436 1166 2591 tttttttttttttttttttmutet?
1180 2453 1208 2494 ²⁵

865 2575 874 2608 I

158 2613 304 2700 cogitate
325 2615 539 2697 necabuntur3
568 2634 705 2698 quorum
728 2634 865 2696 corpore
887 2613 963 2678 vive
985 2633 1057 2678 cum
1081 2634 1167 2678 mor·

158 2703 224 2767 tuis
257 2702 393 2768 adversa
424 2701 567 2768 adversis
600 2701 844 2767 accommodate
870 2722 968 2785 quem
995 2700 1166 2784 aptissime

158 2790 412 2877 colligebantur3
437 2791 484 2855 sic
501 2793 632 2855 nostros
656 2789 781 2854 animos
803 2809 876 2854 eum
899 2787 1089 2872 corporibus
1113 2810 1167 2854 oo·

158 2879 289 2963 pulatos
307 2881 345 2943 ut
362 2877 454 2943 vivos
472 2900 546 2944 eum
565 2877 702 2943 mortuis
722 2897 791 2942 esse
810 2875 1007 2942 coniunctos.
1026 2911 1063 2922 -
1080 2875 1166 2942 Seru
1179 2891 1206 2932 ³⁰

163 2967 250 3051 Vere.
269 2967 346 3032 Aea.
366 2966 459 3032 VIII
472 2971 589 3048 479sq.
607 2965 758 3031 Dicimus
775 2964 958 3030 Maeoniam
969 2964 1167 3046 prouinciam

157 3075 237 3134 esse;
269 3057 358 3121 auius
384 3056 458 3120 dum
484 3055 614 3120 brevitas
639 3054 715 3119 duos
739 3054 855 3134 fratres
880 3051 1004 3134 ludum
1029 3056 1060 3116 et
1086 3051 1167 3134 Iur-

156 3144 287 3212 rieeuum
306 3144 388 3224 ferre
408 3163 472 3208 uam
487 3146 598 3225 posset,
620 3146 753 3208 exserte
771 3139 946 3220 Iumteuue
963 3159 1032 3206 acm
1048 3139 1168 3222 imperati
1244 3147 1245 3150 ’

156 3233 355 3299 multitudiue
366 3232 521 3314 profectus
533 3235 656 3313 partem
668 3229 783 3296 ltaliae
801 3229 898 3294 tenuit
913 3231 943 3292 ct
960 3225 1168 3310 Tyrrheniam

157 3321 336 3385 nominauit.
368 3319 418 3384 Hi
434 3321 490 3384 diu
501 3319 671 3401 piraticum
684 3320 888 3400 aereorum,
905 3321 941 3380 ut
956 3316 1049 3380 ettam
1062 3313 1169 3380 Or’ccro
1181 3329 1206 3372 ω

158 3409 193 3472 iu
211 3406 378 3471 Hortensio
400 3407 490 3485 docet,
512 3426 582 3472 eum
604 3406 738 3488 captiuos
754 3406 843 3470 uocis
858 3404 968 3487 poeuis
986 3403 1170 3484 adtlmomt

159 3495 325 3560 ocm'sorum
346 3513 395 3558 eos
416 3495 577 3578 retcpmctes
599 3492 804 3560 caderemus.
823 3492 972 3558 -Idem
995 3488 1089 3556 VIII
1102 3493 1168 3556 485
