2504 3950
144 182 187 247 66
536 175 585 230 ΒΕ
604 171 755 229 omens

145 347 179 409 et
200 363 239 407 ex
262 363 300 406 ea
321 304 401 404 urbe
424 337 633 422 tnumphari,
661 336 730 400 sine
757 357 823 420 qua
849 355 1026 419 numquam
1048 336 1159 400 nostri

144 433 358 516 imperatores
373 449 412 492 ex
425 424 649 509 Transalpinis
663 424 760 488 bellis
773 421 1026 508 triumpharunt.
1048 422 1159 488 Multa

144 522 313 605 praeterea
331 535 617 581 commemorarem
634 511 760 577 nefaria
777 511 812 575 in
831 511 944 595 socios,
962 512 996 576 siv
1009 511 1074 577 hoc
1092 533 1158 576 uno

147 607 319 691 quicquam
333 604 383 670 sol
401 602 537 668 vidisset
554 601 729 686 indignius.
760 598 835 664 Iure
853 599 956 685 igitur
973 599 1158 684 plectimur.

144 694 219 760 Nisi
237 694 323 758 enim
341 692 519 757 multorum
537 689 687 774 inpunita
705 689 828 754 scelera
844 687 1043 772 tulissemus,
1066 709 1159 752 num·
1184 705 1198 745 s

147 805 244 869 quam
267 782 308 846 ad
330 801 430 846 unum
452 781 548 844 tanta
569 777 772 862 pervenisset
794 775 939 859 licentia3
962 799 982 840 a
1004 796 1071 860 quo
1092 776 1160 859 qui·

147 873 219 936 dem
241 869 289 934 rei
310 867 483 933 familiaris
506 866 548 931 ad
570 885 704 950 paucos,
732 863 947 948 cupiditatum
970 863 1011 928 ad
1034 864 1159 928 multos
1199 899 1205 908 ·

94 976 127 1026 aa
146 959 301 1043 inprobos
319 955 409 1020 venit
425 953 598 1018 hereditas.
633 951 703 1018 Nec
721 972 797 1017 vero
818 973 973 1036 umquam
995 952 1158 1016 bellorum

146 1045 290 1112 civilium
313 1064 424 1108 semen
446 1046 480 1106 et
502 1042 600 1108 causa
623 1040 738 1124 deerit,
767 1039 844 1104 dum
866 1040 1015 1105 homines
1037 1039 1160 1124 perditi

146 1134 277 1199 hastam
303 1131 396 1196 illam
423 1134 589 1196 cruentam
618 1132 652 1192 et
678 1127 885 1193 meminerint
907 1131 942 1192 et
966 1128 1201 1212 sperabunt31⁰

147 1244 244 1306 quam
266 1219 302 1284 P.
325 1218 418 1284 Sulla
436 1241 510 1284 cum
527 1218 690 1282 vibrasset
708 1217 865 1281 dictatore
886 1216 1071 1302 propinquo
1091 1237 1160 1300 suo,

146 1310 232 1375 idem
255 1312 347 1374 sexto
370 1306 559 1372 tricensimo
582 1326 666 1370 anno
689 1308 766 1390 port
788 1325 809 1368 a
832 1304 1038 1369 sceleratiora
1061 1304 1161 1369 hasta

147 1420 214 1464 non
235 1397 382 1480 recessit3
405 1396 490 1460 alter
513 1397 631 1476 autem,
654 1393 763 1477 quiin
783 1392 844 1456 illa
866 1391 1028 1457 dictatura
1051 1393 1161 1457 scriba

146 1488 268 1568 fuerat,
294 1485 329 1548 in
355 1484 417 1548 hac
438 1483 503 1547 fuit
526 1484 680 1565 quaestor
702 1481 854 1545 urbanus.
899 1479 951 1546 Ex
973 1501 1039 1564 quo
1062 1481 1160 1545 debet

147 1573 297 1658 intellegi
315 1571 436 1636 talibus
453 1569 608 1654 praemiis
626 1568 803 1654 propositis
816 1589 994 1653 numquam
1009 1567 1160 1633 defutura
1174 1583 1200 1623 1⁵

148 1662 237 1727 bella
267 1659 383 1724 civilia.
431 1658 547 1741 Itaque
578 1657 720 1741 parietes
753 1657 848 1722 modo
880 1656 971 1720 urbis
1004 1660 1096 1720 stant
1127 1661 1160 1720 et
1242 1659 1243 1672 ¹

149 1751 290 1831 manent,
308 1747 396 1830 iique
413 1746 478 1831 ipsi
495 1746 561 1810 iam
580 1747 725 1810 extrema
744 1745 866 1810 seelera
881 1748 1072 1828 metuentes,
1090 1767 1159 1809 rem

148 1857 225 1902 vero
244 1835 409 1920 publicam
428 1834 558 1920 penitus
576 1833 754 1898 amisimus.
790 1831 899 1917 Atque
915 1833 951 1897 in
968 1833 1029 1897 has
1050 1832 1159 1897 clades
1242 1837 1243 1921 l

148 1925 319 1991 incidimus
342 1919 553 2010 (redeundum
576 1925 626 1987 est
649 1921 735 1986 enim
758 1920 799 1985 ad
825 1918 1053 2006 propositum),
1082 1919 1160 1986 dum

149 2013 251 2079 metui
279 2033 376 2097 quam
403 2012 469 2076 cari
496 2031 567 2075 esse
598 2012 632 2074 et
664 2009 758 2096 diligi
789 2009 959 2075 malumus.
1008 2007 1099 2084 Quae
1132 2009 1160 2073 si
1174 2025 1200 2063 ²⁰

149 2102 271 2187 populo
294 2101 441 2164 Romano
456 2099 583 2163 iniuste
605 2097 780 2181 imperanti
803 2097 946 2163 accidere
972 2101 1161 2182 potuerunt,

150 2188 227 2272 quid
254 2186 373 2252 debent
400 2189 515 2270 putare
543 2185 688 2270 singuli?
733 2184 826 2260 Quod
853 2207 926 2250 cum
953 2185 1161 2271 perspicuum

150 2277 204 2361 sit,
225 2274 464 2339 benivolentiae
481 2273 549 2338 vim
567 2295 637 2338 esse
655 2295 818 2359 magnam,
840 2277 946 2339 metus
962 2273 1161 2357 inbecillam,

151 2363 306 2448 sequitur,
327 2365 365 2426 ut
388 2362 594 2445 disseramus,
619 2361 735 2444 quibus
758 2361 855 2427 rebus
877 2361 1033 2426 facillime
1055 2363 1161 2447 possi-

150 2473 223 2517 mus
246 2472 327 2534 eam,
350 2471 447 2534 quam
470 2450 629 2526 volumno,
651 2449 787 2534 adipisci
809 2470 882 2515 cum
904 2449 1027 2514 honore
1044 2453 1080 2514 et
1097 2450 1161 2514 fide
1175 2465 1202 2505 2⁵

98 2557 133 2606 ³0
152 2539 330 2606 caritatem.
376 2536 438 2602 Sed
461 2558 500 2601 ea
526 2558 592 2602 non
618 2537 742 2622 pariter
769 2557 880 2602 omnes
908 2557 1055 2624 egemns3
1081 2559 1161 2603 nam

152 2628 192 2694 ad
215 2626 368 2711 cuiusque
390 2625 494 2690 vitam
515 2625 701 2690 institutam
725 2626 1030 2692 accommodandum
1054 2629 1118 2709 est,
1142 2649 1162 2691 a

151 2715 305 2783 multisne
328 2735 409 2800 opus
433 2714 477 2778 sit
496 2735 538 2778 an
556 2713 644 2778 satis
657 2714 700 2777 sit
718 2736 739 2778 a
756 2713 867 2798 paucis
887 2712 989 2801 diligi.
1025 2710 1161 2779 Certum
1241 2727 1242 2790 j

150 2805 252 2890 igitur
273 2804 336 2868 hoc
359 2803 416 2886 sit,
442 2801 539 2886 idque
565 2805 600 2867 et
623 2801 765 2887 primum
788 2805 822 2865 et
844 2823 992 2866 maxume
1014 2823 1162 2867 necessa·
1241 2833 1242 2837 ¹

151 2893 245 2976 rium,
266 2890 509 2956 familiaritates
529 2889 649 2955 habere
666 2889 748 2954 fidas
768 2889 946 2955 amantium
963 2911 1024 2955 nos
1044 2891 1162 2956 amieo·
1175 2905 1202 2946 ³⁰

152 3001 224 3044 rum
247 2982 280 3044 et
302 2982 417 3043 nostra
436 2977 639 3060 mirantium3
661 2977 742 3042 haec
760 2977 845 3042 enim
863 2999 929 3044 una
946 2997 999 3042 res
1015 2999 1164 3063 prorsus,

151 3071 189 3132 ut
215 3088 281 3133 non
308 3066 448 3132 multum
476 3065 604 3129 differat
634 3065 720 3129 inter
752 3086 895 3130 summos
927 3069 960 3130 et
989 3066 1162 3132 mediocris

152 3155 253 3239 viros,
285 3175 385 3238 aeque
416 3153 563 3237 utrisque
594 3156 645 3218 est
674 3153 907 3238 propemodum
934 3155 1162 3238 comparanda

100 3259 134 3308 31
152 3241 286 3307 Honore
309 3247 342 3307 et
365 3240 471 3327 gloria
493 3245 527 3306 et
549 3241 768 3306 benivolentia
790 3241 908 3307 civium
932 3240 1073 3306 fortasse
1095 3265 1163 3308 non

154 3349 254 3412 aeque
278 3349 390 3394 omnes
413 3332 519 3416 egent,
542 3329 598 3394 sed
619 3331 738 3412 tamen,
761 3329 789 3393 si
808 3330 859 3394 cui
876 3330 957 3394 haec
975 3334 1202 3415 suppetuntrt

154 3417 309 3483 adiuvant
332 3415 537 3499 aliquantum
559 3438 632 3481 eum
655 3415 697 3481 ad
714 3420 830 3501 cetera,
852 3421 922 3482 tum
942 3417 982 3482 ad
1002 3418 1163 3484 amicitias

154 3503 397 3589 comparandas.
