2570 3944
400 175 608 234 PHILOSOPH.
628 175 657 232 F.
676 176 702 230 V
720 182 833 233 'lt-90.
1056 172 1123 240 323

113 345 164 406 10.
183 342 229 404 42
239 360 273 421 p.
292 342 358 405 429
375 339 408 404 A
426 341 536 422 optimc
552 339 605 404 illc
622 338 659 404 dc
675 339 826 421 uoluptate
844 337 1013 419 diluculum,
1035 335 1123 402 cuius

113 427 205 493 uerba
226 429 262 492 iu
280 427 356 494 libro
373 428 528 509 superiore
544 427 610 492 ium
625 427 731 508 posui:
755 423 853 491 Cuius
873 429 991 509 motus,
1012 425 1123 506 iuquit,

116 551 157 562 -
182 551 226 562 -
249 515 394 599 cogitare
417 515 548 580 omnino
571 513 747 598 quidquam
769 513 901 598 potest?
923 549 967 560 -
989 511 1071 577 Nou.
1089 533 1124 594 p.

112 605 189 669 269.
211 606 255 668 21
276 604 324 668 Μ
349 603 472 668 Tullius
493 604 528 666 iu
550 602 731 668 Hortensio:
756 601 846 678 Quae
868 605 919 665 est
941 600 1028 664 enim
1050 621 1123 666 con·

85 690 213 756 eiectio
236 689 446 774 valetudinis,
469 712 552 773 quse
576 689 769 754 deformatio
792 688 959 773 corporis?

183 777 234 843 82.
261 778 426 860 Auqustiu.
455 783 562 843 contro
587 778 751 843 Iulianum
777 777 880 860 Polou.
913 777 945 843 V
967 783 996 842 7.
1023 779 1068 844 29
1088 796 1123 857 p.

113 869 181 930 425
202 865 239 930 F
256 866 300 931 cd.
322 867 416 932 Aulo.
438 867 518 931 sicut
537 867 585 932 ait
605 865 801 950 Hortensius,
825 870 903 930 tunc
925 865 1124 948 obsequatur

114 951 243 1037 (homo)
265 957 410 1038 nntnrse,
433 975 505 1018 cum
530 953 598 1018 sinc
621 954 780 1039 magistro
805 953 951 1036 senserit,
974 951 1052 1037 quid
1069 973 1124 1016 nu

113 1045 191 1106 tura
214 1040 382 1106 desideret.
839 1074 842 1080 ·

70 1150 99 1189 ιο
183 1129 235 1195 83.
262 1129 344 1194 Nou.
366 1150 400 1211 p.
422 1133 496 1196 498.
522 1134 564 1195 30
590 1130 639 1196 Μ.
667 1129 790 1196 Tullius
816 1130 853 1195 iu
879 1129 1062 1194 Hortensio:
1090 1131 1124 1192 ct

114 1217 173 1301 qui
191 1220 349 1301 expectat,
371 1216 489 1301 pendet
507 1217 616 1301 animi,
635 1216 711 1301 quis
729 1237 864 1302 semper,
883 1217 961 1301 quid
977 1215 1124 1281 futurum

117 1305 175 1389 sit,
197 1305 356 1369 incertum
380 1308 438 1370 est.

183 1393 235 1457 84.
263 1393 345 1457 Nou.
366 1415 400 1474 p.
422 1397 495 1460 438.
516 1399 563 1460 23
587 1392 636 1459 M.
665 1393 788 1459 Tullius
814 1394 850 1457 iu
876 1392 1061 1458 Hortensio:
1092 1394 1125 1455 et

115 1484 239 1546 ceteras
263 1479 391 1564 quidem
414 1502 479 1563 res,
505 1481 541 1546 in
567 1480 684 1565 quibus
711 1483 846 1566 peccate
866 1501 933 1545 non
954 1500 1124 1545 maxumas

73 1589 100 1631 1⁵
116 1567 266 1634 adferunt
287 1568 415 1652 noxias,
438 1573 549 1634 temen
570 1569 664 1634 inscii
686 1590 753 1634 non
775 1568 951 1654 attingunt.

184 1656 235 1721 85.
258 1656 341 1721 Nou.
357 1677 391 1739 p.
414 1660 482 1723 105.
506 1663 528 1724 7
551 1655 702 1723 ‘Eculeus'
729 1658 952 1723 deminutivum
978 1656 1018 1722 ut
1039 1657 1125 1738 equis

114 1745 164 1810 Μ.
180 1743 303 1810 Tullius
320 1745 355 1808 iu
368 1746 534 1810 Hortensio
552 1747 614 1811 dici
630 1746 740 1810 uoluit:
763 1743 810 1809 Ut
827 1745 929 1831 igitur
947 1744 1123 1810 domitores

116 1852 273 1916 equorum
300 1853 367 1896 uon
388 1834 525 1898 verbera
548 1833 654 1898 solum
677 1831 832 1897 adhibent
855 1832 896 1896 ad
919 1830 1124 1916 domandum,
1200 1879 1203 1886 -

116 1918 174 1985 scd
192 1919 299 1985 cibum
318 1920 417 1985 etium
436 1941 532 2004 saepo
552 1919 757 2003 subtrahunt,
779 1926 815 1984 ut
831 1918 918 1984 fame
937 1919 1125 1984 debilitetur

73 2029 101 2070 so
115 2008 300 2074 eculeorum
322 2008 420 2074 nimis
443 2008 604 2074 effrenata.
621 2008 679 2072 vis.

182 2096 234 2161 86.
262 2095 345 2161 Nou.
365 2117 399 2178 p.
421 2101 494 2162 338.
521 2101 543 2162 8
567 2098 616 2163 Μ.
645 2096 768 2162 Tullius
793 2097 830 2162 iu
855 2095 1040 2162 Hortensio:
1068 2095 1124 2180 qui

16 2203 17 2206 ’
116 2183 359 2337 οηωὸξιιὶὲἷὶοαε
381 2184 516 2338 ἱηὶιέτγὶἒε
533 2185 627 2338 {ciffi
654 2184 799 2338 lTlll{{·set'
827 2205 919 2286 suum
939 2183 1124 2338 &inungit

227 2292 403 2336 .ou..
498 2322 506 2338 .
620 2292 912 2340 .uuuc-uu
975 2293 1011 2338 or
1089 2292 1124 2336 o:

115 2381 156 2424 nc
174 2359 209 2424 in
226 2293 466 2425 continuimus
485 2359 613 2443 quidem
631 2361 727 2425 terris
746 2364 890 2425 vestrum
909 2381 1027 2427 nomen
1044 2360 1123 2424 dilc-

75 2465 103 2506 ss
117 2447 182 2512 turi
204 2451 323 2531 potest.

183 2535 234 2600 88.
261 2535 342 2600 Nou.
363 2539 493 2618 12269.
516 2541 558 2601 19
583 2535 631 2602 Μ
655 2535 779 2602 Tullium
804 2537 840 2601 iu
862 2535 1047 2602 Hortensio:
1073 2533 1125 2600 Es

115 2621 254 2688 facultas
277 2624 399 2688 nostris
423 2623 600 2688 maioribus
623 2627 707 2706 eret,
735 2623 791 2706 qui
813 2621 968 2689 confectis
992 2627 1123 2689 senatus

115 2711 282 2776 consultis.

182 2799 234 2865 89.
253 2800 336 2865 Nou.
352 2821 386 2880 p.
404 2803 478 2865 249.
496 2803 539 2864 39
558 2797 660 2864 ‘Aue’
683 2803 850 2882 austerum,
868 2799 1018 2882 acerbum,
1040 2818 1122 2882 aupe-

76 2903 102 2944 30
115 2906 194 2952 rum.
227 2887 274 2952 Μ
291 2888 413 2953 Tullius
430 2888 466 2952 iu
483 2886 667 2952 Hortensio:
691 2887 776 2972 quod
799 2886 934 2952 ulterius
956 2886 1122 2972 ingenium
1257 2931 1258 2936 κ

116 2975 162 3040 sic
189 2978 226 3039 ut
254 2980 379 3040 scotum
404 2974 617 3060 Aegyptium,
644 2976 779 3040 alterius
807 2975 853 3042 sie
881 2996 967 3058 acro,
993 2980 1031 3039 ut
1057 2976 1122 3040 mel

115 3062 334 3148 Hymettium,
361 3063 505 3128 dicimus.
531 3098 568 3110 —
595 3061 642 3142 Of.
664 3064 859 3146 Aucusiiuus
884 3064 921 3128 dc
947 3063 1035 3128 beatu
1058 3065 1123 3127 uita

115 3156 156 3214 14
181 3150 215 3214 Τ.
243 3152 269 3216 1
285 3173 320 3234 p.
347 3155 416 3218 227
438 3152 472 3215 Β
498 3149 578 3216 Bcu.
605 3151 699 3216 Autv.
724 3156 809 3217 1799
836 3150 947 3216 Nescio
975 3153 1123 3233 quomodo

114 3244 283 3304 contortum
303 3239 359 3305 too
380 3244 409 3305 ct
430 3239 611 3321 uculcutuuu,
632 3239 714 3321 quod
728 3240 870 3323 posuisti,
892 3244 928 3304 ut
948 3241 996 3304 uit
1016 3239 1070 3305 uu
1087 3241 1124 3304 de

75 3341 101 3384 ³⁵
114 3326 200 3393 mette
221 3326 392 3410 Hyruetiiu
419 3328 530 3392 acriter
555 3327 641 3392 dulce
662 3332 706 3392 est
726 3326 863 3409 uiluilque
883 3327 978 3407 iuflut
997 3328 1107 3394 viscere

180 3414 232 3480 90.
255 3415 337 3480 Nou.
354 3436 388 3500 p.
410 3421 482 3481 399.
504 3419 546 3480 14
567 3420 597 3480 et
617 3419 688 3480 499.
709 3419 751 3480 17
772 3417 821 3481 Μ
841 3415 964 3481 Tullius
985 3417 1020 3481 iu
1037 3414 1104 3482 Hoc

115 3504 225 3568 tcusio:
249 3503 336 3568 uliud
359 3525 398 3568 ex
421 3501 512 3570 silvis
536 3523 681 3569 severum
706 3507 738 3568 et
760 3502 864 3570 triste.

906 3605 961 3661 21*
