2578 3950
158 145 222 210 152
397 141 490 198 CATO
508 142 627 198 MAIOR
643 142 693 196 DE
712 139 923 198 SENECTU'I'E
982 139 985 144 ‘

155 307 251 388 lacte,
274 325 378 386 caseo,
400 303 506 369 molle.
545 301 618 368 Iam
639 302 805 368 hortum
795 302 860 388 ipsi
882 300 1043 386 agricolae
1067 300 1169 366 sucei-

157 393 244 458 diam
267 391 405 456 alteram
428 391 604 477 appellant.
641 388 832 456 Conditiora
851 389 931 454 facit
952 388 1033 454 haec
1056 409 1170 472 super·

103 497 137 548 07
155 479 306 548 ιο000οι0
330 480 429 544 etiam
452 479 558 563 operis
582 478 754 562 aucupium
777 482 874 561 atque
896 477 1036 542 venatio.
1082 475 1170 551 Quid
1254 498 1255 556 ι

158 569 196 634 de
227 572 398 653 pratorum
429 566 594 632 viriditate
626 570 683 634 aut
718 566 873 631 arborum
909 564 1076 630 ordinibus
1109 568 1171 628 aut

156 657 325 722 vinearum
356 655 591 724 olivetorumve
627 654 732 739 specie
768 655 865 739 plura
901 652 1027 718 dicam?
1073 652 1170 716 brevi
1196 667 1209 708 ⁵

156 741 822 916 tristtuzluztrurtsstlr
812 744 1173 896 ltlrffttffi

157 919 390 1003 nonretardat,
408 919 638 984 verumetiam
648 918 770 985 inritat
788 922 886 1002 atque
899 917 1043 982 adlectat
1061 937 1173 982 senee-

157 1011 221 1072 tus.
243 1005 310 1071 Ubi
324 1006 410 1077 enim
422 1009 533 1091 potest
546 1006 606 1070 illa
620 1009 711 1070 aetas
725 1009 784 1072 aut
796 1007 955 1074 calescere
972 1005 1025 1069 vel
1044 1005 1173 1089 aprica-

158 1095 247 1160 tione
278 1094 395 1159 melius
424 1094 520 1160 rel
510 1094 581 1180 igni
613 1097 671 1158 aut
700 1094 845 1160 vicissim
875 1093 1001 1158 umbris
1033 1092 1173 1176 aquisve
1186 1109 1212 1150 ιι
1255 1115 1256 1138 ι

106 1201 139 1251 (ιι
158 1181 346 1268 refrigerari
368 1182 553 1248 salubrius?
594 1179 664 1247 Sibi
686 1182 830 1247 habeant
850 1182 953 1267 igitur
976 1203 1082 1264 arma,
1106 1180 1174 1246 sibi

158 1291 272 1371 equos,
299 1270 364 1336 sibi
386 1271 462 1336 hast
447 1274 514 1353 000,
541 1269 604 1334 sibi
631 1271 757 1335 clavam
784 1275 818 1334 et
843 1271 960 1355 pilam,
986 1269 1052 1334 sibi
1078 1273 1174 1334 natae

158 1359 265 1424 tiones
288 1362 385 1442 atque
408 1380 531 1442 cursus,
553 1358 648 1423 nobis
671 1357 802 1424 senibus
825 1379 865 1422 ex
886 1357 1069 1422 lusionibus
1088 1358 1175 1422 mul·

158 1447 203 1512 tis
221 1447 308 1512 talos
326 1447 514 1548 relinquant
536 1450 569 1511 et
586 1449 737 1528 tesseras,
761 1445 826 1510 id
815 1466 925 1529 1psum
946 1448 1058 1510 utrum
1081 1445 1175 1510 lube-

106 1515 218 1640 17bit,
237 1534 389 1617 quoniam
404 1534 472 1601 sine
486 1534 528 1598 iis
541 1534 639 1598 beata
651 1555 723 1598 esse
737 1537 884 1598 senectus
897 1535 1007 1617 potest
992 1531 1174 1598 tMultas
1188 1549 1212 1588 1⁵

106 1592 202 1688 59ad
223 1643 275 1686 res
297 1621 452 1706 perutiles
474 1620 701 1704 Xenophontis
729 1621 807 1686 libri
833 1625 923 1703 sunt,
950 1641 1032 1705 0000
1059 1621 1175 1721 legite,
1256 1635 1257 1702 ι

160 1729 289 1792 quaeso,
313 1708 466 1793 studiose,
487 1712 525 1772 00
546 1707 636 1778 feeit
626 1731 664 1774 rs
700 1707 805 1784 Quam
826 1709 955 1793 copiose
978 1709 1079 1774 abeo
1098 1710 1176 1795 agri

160 1796 288 1861 cultura
319 1795 511 1860 laudatum
500 1818 537 1862 m
568 1817 605 1861 eo
633 1797 733 1880 libro,
765 1797 851 1881 qui
847 1801 898 1862 est
920 1796 960 1861 de
986 1796 1110 1862 tuenda
1137 1817 1176 1861 re

71 1917 75 1924 ·
158 1881 330 1984 familiari,
353 1884 409 1968 qui
431 1883 663 1950 Oeconomicus
685 1847 887 1950 insesibilis!
931 1883 1041 1968 Atque
1063 1885 1137 1948 ut
1126 1907 1176 1950 rn-

160 1971 309 2073 tellegat'
299 1994 327 2036 rs
354 1973 438 2038 nihil
466 1973 496 2037 ei
522 1976 592 2040 tam
619 1974 730 2058 regale
761 1972 864 2038 videri
895 1993 994 2056 quam
1026 1972 1211 2038 studiuma

160 2060 234 2213 000οι
255 2059 449 2230 0800000,
414 2057 621 2142 80οι000οι0
585 2082 681 2211 Peo
704 2061 789 2126 libro
810 2060 916 2144 loquit
916 2082 956 2126 ur
973 2082 1059 2214 Ἃ
1067 2058 1176 2213 queto
1257 2145 1258 2148 0

183 2168 238 2210 uo
405 2148 564 2212 minorem
628 2170 774 2212 ersarum
796 2170 831 2213 re
855 2170 921 2231 em,
970 2169 987 2212 ι
1060 2167 1104 2214 00
1140 2171 1176 2214 m
1257 2163 1258 2174 ¹

159 2232 290 2331 ingenio
315 2237 412 2316 00000
433 2196 706 2320 imperii'gloria,
729 2258 803 2302 cum
823 2169 991 2318 Iiys'andbr
1012 2235 1176 2302 Lacedae-

160 2318 301 2420 monins,
320 2320 371 2384 ιιι
394 2341 540 2386 summae
562 2322 711 2405 virtutis,
733 2323 876 2388 venisset
898 2323 1037 2388 adeum
1058 2321 1174 2388 Sardis

161 2407 253 2490 eique
286 2407 371 2475 done
397 2430 417 2474 ι
449 2408 545 2474 sociis
578 2409 634 2475 adt
619 2410 828 2494 tulisset,et
813 2410 1015 2476 tceteris'
1005 2433 1041 2476 1n
1072 2413 1174 2477 rebus
1187 2427 1212 2468 ιι

160 2516 286 2560 comem
308 2516 393 2580 erga
408 2495 612 2580 Lysandrum
639 2501 737 2582 atque
754 2460 938 2564 bumanum
959 2498 1061 2564 fuisse
1085 2503 1120 2564 et
1143 2501 1176 2566 ei

161 2582 321 2666 quendam
334 2588 546 2669 consaeptum
565 2607 681 2671 agrum
698 2586 871 2672 diligenter
884 2586 1056 2652 consitum
1065 2591 1175 2652 osten-

162 2670 255 2736 disse.
301 2667 383 2737 Cum
411 2677 521 2738 eutem
549 2674 764 2738 admiraretur
785 2674 952 2757 Lysander
975 2678 1009 2738 et
1031 2675 1175 2759 proceri-

159 2762 245 2825 tates
273 2760 428 2826 arborum
455 2765 489 2825 et
515 2759 697 2836 derectos'
687 2783 723 2824 m
750 2762 962 2844 quincuncem
984 2762 1117 2828 ordines
1141 2766 1176 2826 et

159 2846 294 2915 humum
318 2849 432 2915 subact
417 2852 487 2914 tam
510 2852 608 2931 atque
625 2870 741 2934 puram
760 2853 794 2912 et
812 2850 1008 2914 suavitatem
1026 2849 1214 2933 odorum„

161 2933 217 3018 qui
244 2933 442 3002 adflarentur
469 2959 509 3001 ex
534 2935 684 3020 floribus,
712 2939 784 3000 tum
811 2958 885 3002 eum
911 2937 1175 3005 dixissemirari

161 3043 285 3088 senon
306 3025 401 3090 modo
426 3023 646 3110 diligentiam,
674 3023 731 3088 sed
757 3023 857 3089 etiam
884 3025 1067 3090 sollertiam
1094 3026 1175 3108 cius,

161 3131 266 3195 0000
290 3115 398 3176 000000
383 3112 480 3176 tilla
502 3111 648 3176 dimensa
669 3114 768 3195 atque
796 3111 966 3196 discripta3
993 3117 1027 3178 et
1050 3111 1175 3196 Cyrum

160 3197 378 3298 respondisse:
406 3198 546 3283 Atqui
572 3220 643 3285 ego
669 3200 749 3264 ista
776 3220 858 3266 sum
880 3200 1009 3265 omnia
1031 3200 1175 3266 dimen-

161 3305 240 3365 sus,
269 3305 343 3349 mer
366 3290 458 3352 sun
439 3285 646 3371 tordines,
672 3307 755 3350 mea
778 3287 1003 3373 discriptro,
1026 3289 1213 3354 multae&

160 3369 277 3434 etiam
300 3369 464 3438 istarum
488 3373 670 3440 arborum
692 3395 773 3438 mea
796 3397 907 3440 manu
930 3379 1020 3440 0000
1042 3374 1173 3442 satae'

161 3456 244 3521 Tum
263 3455 466 3539 Lysandrum
484 3461 665 3540 intuentem
684 3483 862 3546 purpuram
882 3463 953 3530 eius
976 3467 1009 3528 00
1030 3463 1176 3530 nitorem
