2542 3950
160 181 226 248 372
552 175 778 234 1515115111

160 344 250 410 Haec
271 349 338 410 uus
359 342 456 406 stella
478 342 664 421 nectuntur,
687 359 785 421 quam
807 335 885 400 iecit
907 357 947 399 ex
971 357 1008 400 se

160 432 309 497 Pistricis
332 432 427 515 spine
448 428 575 495 evalida
598 449 671 494 cum
693 425 763 490 luce
786 424 962 508 refulgens.

90 529 151 588 155
206 519 331 584 Exinde
354 519 490 602 exiguae
512 515 602 580 tenui
623 536 697 580 cum
718 513 840 578 lumine
862 512 988 578 multae

161 608 252 672 Inter
273 607 445 674 Pistricem
466 605 558 670 fusse
581 623 776 687 sparsusque
798 599 949 665 videntur
1125 616 1182 666 455
1256 645 1257 660 1

162 695 270 780 Atque
294 693 532 760 Gubernaclum
555 692 683 772 stellae,
706 711 786 773 quas
809 689 956 774 contegit
978 687 1088 754 omnis
1257 755 1258 762 ,

161 784 353 849 Formidens
376 803 483 846 aerem
506 801 650 845 morsum
672 778 792 862 Lepns3
813 777 865 844 his
886 797 993 860 neque
1012 798 1143 844 nomon
1257 775 1258 782 '

161 873 231 938 Nec
253 873 392 937 formam
414 872 540 933 veteres
564 871 687 932 certam
710 865 863 934 statuisse
885 865 1046 932 videntur.

91 971 154 1028 160
163 960 249 1025 Nam
272 981 353 1042 quas
376 956 535 1022 sideribus
557 954 654 1020 claris
677 959 796 1023 notura
818 953 936 1039 polivit

162 1049 207 1113 Et
229 1047 320 1112 15115
343 1045 449 1133 pinxit
471 1043 673 1126 distinguens
696 1043 822 1110 lumine·
840 1042 978 1127 formes,
1124 1058 1180 1110 455

163 1137 233 1202 Has
256 1135 313 1200 ille
336 1139 499 1202 astrorum
522 1136 632 1198 custos
654 1132 781 1198 ratione
803 1131 930 1196 notavit

164 1223 328 1310 Signaque
352 1222 496 1310 signarit
517 1221 672 1288 caelestia
692 1220 823 1286 nomine
845 1241 936 1302 vero;

164 1311 234 1378 Has
256 1315 380 1396 autem,
403 1314 584 1396 quaesunt
606 1331 707 1394 parvo
728 1331 802 1374 cum
830 1308 953 1372 lumine
976 1306 1084 1391 fusae,

93 1409 154 1466 165
166 1400 336 1465 Consimili
359 1399 465 1484 specie
487 1399 601 1464 stelles
625 1398 785 1482 parilique
807 1398 914 1462 nitore

164 1489 239 1555 Non
261 1489 370 1573 potuit
392 1488 488 1553 nobis
510 1490 590 1552 nota
612 1488 736 1551 5151515
758 1486 872 1571 [igine.
1122 1501 1176 1551 415

207 1576 345 1659 Exinde,
369 1575 546 1640 australem
569 1575 660 1640 soliti
682 1596 778 1658 quem
801 1575 905 1639 dicere
927 1572 1070 1656 Piscem,

164 1663 317 1730 Volvitur
339 1662 473 1728 inferior
495 1660 693 1746 Capricorno
716 1684 829 1728 versus
850 1661 893 1726 ad
915 1661 1077 1726 Austrum

163 1750 334 1816 Pistricem
357 1752 548 1833 observans,
570 1750 683 1834 procul
705 1751 773 1814 illis
796 1749 972 1815 Piscibus
995 1749 1148 1815 haerens.

90 1847 156 1906 170
165 1839 211 1904 At
233 1861 334 1925 prope
357 1838 534 1924 conspicies
557 1841 705 1923 expertes
727 1838 869 1904 nominis
891 1859 1003 1902 omnes

164 1927 254 1992 Inter
273 1928 444 1994 Pistricem
462 1931 496 1993 et
512 1927 647 2011 Piscem,
666 1948 761 2010 quem
779 1927 927 2010 diximus,
945 1925 1086 1991 Austri
1121 1943 1176 1992 415
1260 1963 1261 1998 i

165 2013 285 2080 Stellas
310 2015 370 2082 sub
392 2016 529 2101 pedibus
552 2019 673 2080 stratas
696 2015 855 2080 radiantis
877 2014 1012 2098 Aquari
1260 1999 1261 2038 ¹

208 2104 347 2188 Propter
370 2104 562 2186 Aquarius
590 2103 764 2169 obscurum
786 2104 900 2169 dextra
921 2102 1011 2188 rigat
1031 2123 1176 2184 emnem,

165 2191 293 2278 Exiguo
317 2192 373 2275 qui
396 2191 566 2257 stellarum
588 2192 726 2258 candore
748 2191 888 2257 nitescit.

92 2280 193 2344 175E
217 2278 330 2342 multis
353 2282 465 2343 tamen
485 2277 536 2344 his
561 2278 623 2344 duo
646 2280 714 2344 1555
736 2280 860 2344 lumine
881 2279 1024 2364 fulgent,

164 2366 274 2432 Unum
295 2367 357 2432 sub
380 2366 493 2452 magni
514 2366 650 2452 pedibus
672 2371 821 2434 cernetur
842 2367 980 2452 Aquari,
1119 2381 1175 2432 420

166 2455 258 2532 Quod
281 2459 442 2539 superest,
465 2455 572 2541 gelido
596 2454 765 2540 delapsum
785 2455 918 2520 flumine
940 2454 1043 2520 fontis

166 2541 371 2629 Spinigeram
394 2544 505 2609 subter
528 2543 662 2610 cendum
685 2542 831 2608 Pistricis
855 2543 1012 2608 adhaesit.

165 2631 236 2697 Hae
257 2635 371 2698 tenues
395 2632 510 2696 stellae
534 2631 743 2715 perhibentur
764 2632 895 2696 nomine
917 2630 1050 2714 Aquei.

93 2725 156 2784 180
165 2721 228 2785 Hie
251 2720 334 2786 51155
356 2720 498 2786 15115555
520 2741 621 2802 parvo
644 2741 717 2784 cum
739 2719 862 2784 lumine
883 2719 990 2784 515155

166 2808 273 2892 Atque
296 2807 406 2892 priora
428 2807 545 2892 pedum
569 2806 707 2871 subeunt
729 2807 870 2892 vestigia
892 2806 1003 2892 magni
1120 2819 1173 2870 425

165 2894 383 2960 Arcitenentis
407 2898 440 2959 et
462 2894 618 2960 obscurae
641 2895 710 2960 sine
732 2895 862 2960 nomine
884 2895 1010 2960 cedunt.

209 2982 288 3048 Inde
310 2982 422 3068 Nepae
444 3003 554 3048 cernes
577 2986 711 3068 propter
732 2982 890 3068 fulgentis
913 3003 1048 3048 acumen

165 3071 292 3155 Aram,
316 3093 412 3155 quam
434 3070 516 3137 flatu
537 3071 716 3155 permulcet
739 3070 873 3155 spiritus
895 3069 1023 3151 Austri,

93 3163 154 3222 185
166 3158 294 3244 Exiguo
317 3180 469 3243 superum
491 3179 573 3242 quse
596 3158 720 3223 lumine
741 3161 887 3243 tempore
910 3160 1034 3239 5151155,

166 3244 252 3310 Nem
275 3247 387 3331 procul
411 3247 550 3311 Arcturo
574 3249 625 3310 est
648 3246 783 3311 adversa
805 3250 898 3330 parte
922 3247 1037 3310 155555
1120 3258 1175 3308 435

166 3333 306 3398 Arcturo
329 3354 484 3418 maguum
507 3333 615 3418 spatio
638 3354 756 3418 supera
778 3333 867 3399 dedit
889 3333 1003 3400 orbem

238 3516 271 3571 V.
290 3523 342 3571 427
353 3533 392 3584 sq.
413 3519 468 3574 (lie.
487 3519 524 3575 N.
543 3522 581 3575 D.
599 3522 697 3578 1144.
716 3526 776 3578 111.
