2542 3950
208 751 234 816 L
265 748 541 816 FRAGMENTA
562 747 791 816 LIBRORUM
812 747 1114 814 INOERTORUM.

225 895 253 956 1.
282 892 410 972 Qaimil.
437 891 474 955 X
499 897 527 956 6.
550 896 572 954 4
599 890 702 956 onero
728 895 804 955 ccrle
831 890 1023 954 Graecornm
1048 891 1167 955 Metro

156 983 266 1046 domm
296 980 453 1061 Scepsium
483 984 513 1042 et
541 979 711 1060 Mpptmm
741 978 896 1043 Rteadium
931 983 1168 1060 nostrmmmpae

156 1070 359 1135 Hortensium
385 1067 527 1149 tradidit,
558 1087 636 1148 quae
661 1069 877 1150 eopilaoeramt,
909 1067 953 1130 ad
981 1067 1107 1131 emtam
1131 1069 1168 1130 im

156 1160 272 1240 apeado
295 1156 453 1220 rettulisse.
1191 1172 1202 1211 s

223 1247 253 1309 2.
277 1246 381 1325 Quint.
404 1244 440 1307 X
462 1249 490 1308 7.
508 1248 550 1308 14
572 1243 675 1308 Deam
697 1249 769 1307 tam
790 1242 936 1322 adfecisse,
957 1262 1028 1306 enm
1049 1244 1087 1308 id
1106 1263 1168 1307 eoc-

156 1335 251 1398 misset
281 1333 332 1414 (at
360 1352 528 1396 smcmsmm
563 1332 795 1413 extemporalem
825 1333 965 1411 eamcam
996 1351 1073 1395 cara
1104 1351 1168 1396 mon

154 1422 277 1506 posset),
299 1426 408 1484 celeres
430 1426 564 1484 oratores
585 1425 622 1483 at
638 1420 741 1485 Cicero
764 1419 953 1485 dictitabant.

224 1509 253 1573 3.
274 1509 378 1588 Qaiat.
396 1507 433 1571 X
450 1515 479 1572 7.
498 1513 543 1573 28
560 1508 610 1572 Ne
631 1510 667 1572 id
686 1508 808 1589 quidem
829 1509 990 1572 tacmdmn
1011 1512 1065 1590 est,
1087 1507 1169 1588 qaod

157 1599 252 1662 eiam
280 1595 419 1661 Ciceroni
443 1597 559 1676 placet,
589 1596 712 1659 maltam
738 1600 877 1660 nostram
906 1615 1039 1675 nsquam
1070 1596 1167 1678 aeple-
1180 1615 1202 1652 ιο

154 1691 273 1769 pentem
290 1704 351 1748 esse
368 1703 551 1759 sermonem·
571 1684 722 1764 quidquid
739 1683 1105 1764 memorabilemque,
1125 1685 1169 1748 sit

155 1794 213 1856 pro
234 1793 293 1838 saa
315 1772 427 1836 seilicet
443 1772 585 1852 portiom
601 1772 779 1854 perfectam.

224 1862 254 1926 4.
286 1860 389 1940 Qaimt.
419 1859 499 1923 XII
520 1864 570 1923 10.
597 1861 638 1924 56
669 1860 757 1923 Nam
787 1861 822 1922 id
851 1879 966 1940 qaoque
989 1859 1169 1940 plurimum

157 1950 262 2032 refert,
293 1969 352 2029 qma
379 1949 467 2012 modo
493 1949 602 2012 aadirc
628 1949 721 2012 iudae
746 1948 829 2030 velit,
857 1953 947 2028 atam
972 1949 1039 2012 eine
1066 1948 1169 2012 aeas

157 2058 245 2120 saepe
266 2039 331 2118 ipse
352 2041 449 2099 rector
470 2041 514 2099 cst
534 2037 674 2118 timeatis,
695 2039 732 2098 mt
752 2034 855 2100 Cicero
871 2035 1033 2116 praecipit.
1182 2053 1204 2093 n
1256 2043 1257 2088 t

224 2124 254 2206 5,
278 2125 307 2187 6.
332 2122 436 2202 Qaimt.
459 2122 519 2184 XI
531 2129 559 2187 1.
578 2127 623 2188 92
644 2121 747 2188 Oieero
768 2125 901 2204 qaedam
923 2123 986 2186 teca
1007 2123 1116 2187 emolit
1133 2122 1170 2186 id

159 2233 229 2276 esse
253 2210 422 2294 optimum,
446 2209 541 2293 quod,
563 2232 636 2274 eum
654 2214 689 2274 te
707 2210 802 2274 facile
821 2210 994 2274 credideris
1013 2211 1170 2293 consequi
1256 2251 1257 2264 .

157 2299 350 2381 imitatione,
373 2318 438 2360 non
460 2297 580 2381 possis3
602 2299 665 2362 atio
687 2319 755 2363 vero
777 2320 842 2362 non
865 2298 899 2362 id
922 2298 1037 2383 egisse,
1060 2303 1098 2362 nt
1120 2299 1169 2362 ita
1256 2299 1257 2330 ³

159 2388 287 2470 diceret,
307 2407 369 2469 quo
389 2385 484 2450 modo
504 2407 538 2450 se
557 2387 694 2469 quilibet
712 2407 807 2471 posse
824 2385 1008 2470 confideret,
1027 2387 1085 2450 sed
1104 2408 1168 2470 quo

158 2476 254 2541 modo
282 2496 386 2538 nemo.
413 2511 457 2520 -
480 2473 622 2540 ‘Similia
649 2475 790 2557 lcpomtm
815 2476 851 2538 im
879 2473 963 2538 Orat.
990 2479 1043 2540 23.
1073 2480 1116 2540 76
1141 2479 1206 2538 ein

158 2569 211 2630 28.
235 2561 293 2628 97'
316 2563 426 2626 Halm.
1256 2639 1257 2642 Ἴ

227 2653 257 2717 l.
282 2651 424 2716 Laetam.
451 2652 521 2716 inst.
547 2652 607 2716 dio.
635 2650 708 2714 VII
726 2655 756 2715 8.
778 2657 799 2715 9
825 2650 968 2732 Dem'pm
992 2655 1024 2714 et
1045 2648 1170 2716 maius

159 2741 302 2822 oppositis
323 2739 433 2803 hmmm
454 2739 592 2804 ommium
614 2739 651 2803 de
671 2739 904 2803 immortalitate
925 2757 962 2802 ac
984 2743 1081 2802 morte
1101 2759 1168 2803 sem

160 2829 262 2893 nadis
283 2829 398 2892 nescire
419 2847 463 2910 se,
489 2828 565 2909 qaid
587 2827 629 2892 sit
649 2846 766 2911 comem,
789 2827 1005 2908 promrrmtiavit
1029 2862 1079 2890 -.
1124 2827 1171 2890 Et
1256 2825 1257 2894 3

159 2936 269 2980 rursm
290 2916 383 2980 aldai:
410 2913 570 2990 Quoniam
592 2917 743 2998 utraque,
765 2915 879 2996 inquit,
905 2935 1016 2978 earum
1040 2917 1169 2977 senten·
1182 2931 1206 2972 rs

159 3004 280 3069 tiorum
299 3002 503 3068 doctissimos
522 3002 637 3066 habuit
657 3006 804 3068 auctores
822 3024 890 3087 nee,
913 3001 991 3085 quid
1011 3002 1093 3081 eerti
1116 3002 1169 3084 sit,

161 3091 299 3157 divinari
321 3095 438 3176 potest.

227 3181 256 3245 8.
275 3179 372 3244 Solia.
390 3179 475 3244 127
485 3201 520 3262 p.
538 3186 587 3244 11.
603 3184 624 3242 4
642 3179 812 3261 Pompomio
830 3178 933 3243 Attico
951 3185 980 3244 et
996 3180 1044 3244 M.
1064 3180 1170 3246 Tullio

159 3265 311 3349 (Roraam
337 3268 490 3331 conditam
516 3287 578 3332 esse
600 3268 716 3350 placet)
742 3269 928 3350 olympiadis
958 3273 1059 3334 sectae
1085 3289 1170 3333 amm
1256 3307 1257 3328 i

161 3356 257 3417 tertio.
283 3390 319 3400 -
346 3353 392 3433 Of.
416 3355 452 3418 de
473 3355 607 3436 repntt.
631 3355 744 3419 1110.
766 3360 817 3420 18.
1184 3371 1208 3411 ³⁰

227 3439 257 3502 9.
276 3440 407 3519 Aapast.
426 3442 479 3504 cio.
497 3441 526 3504 d.
541 3441 653 3505 XXII
664 3446 712 3506 22
720 3447 777 3506 eat.
798 3442 897 3521 tham
917 3432 1173 3526 (philosophiam)

160 3527 206 3589 dii
228 3525 409 3606 quibasdam
427 3528 550 3611 partam,
572 3530 621 3591 ait
644 3529 779 3608 Tattius,
806 3550 910 3594 emam
931 3533 1089 3606 omma,
1111 3551 1172 3598 nec
