2504 3950
337 206 405 261 ΜΒ,
424 209 457 262 11.
495 207 573 262 cAP.
593 200 634 275 ie,
653 213 697 262 ao.
733 213 880 274 see-rr.
1062 208 1102 273 81

92 370 194 455 volgo
227 372 416 454 loquuntur,
448 390 483 434 se
514 369 548 433 in
579 368 743 436 beneficiis
775 369 971 435 collocandis
999 389 1105 435 mores

91 458 279 542 hominum,
304 479 371 523 non
399 457 564 522 fortunam
588 458 692 541 sequi.
737 456 886 523 Honesta
912 459 1017 523 oratio
1041 461 1104 540 est,

92 547 150 612 sed
177 545 251 630 quis
282 550 333 610 est
354 546 495 629 tandem,
519 545 574 629 qui
592 545 701 629 inopis
719 549 752 609 et
771 546 886 629 optimi
904 547 967 610 viri
989 567 1105 612 causae

91 655 160 700 non
190 637 371 719 anteponat
397 634 432 698 in
458 654 557 718 opere
585 632 690 710 danda
717 635 859 718 gratiam
886 633 1045 700 fortunati
1072 638 1106 699 et

69 721 264 807 epotantis?
292 743 311 786 a
338 743 402 805 quo
430 723 516 786 enim
542 721 721 805 expeditior
748 725 782 786 et
804 722 941 786 celerior
962 743 1106 786 remune-

92 811 182 876 ratio
208 809 281 874 fore
306 809 448 892 videtur,
478 810 514 873 in
541 831 614 873 eum
640 808 708 874 fere
736 814 787 874 est
812 810 964 874 voluntas
991 815 1106 874 nostra

92 898 297 982 propensior.
334 895 396 962 Sed
410 896 729 962 animadvertendum
743 902 794 962 est
809 897 1006 984 diligentius,
1024 919 1106 982 quae

94 991 215 1052 natura
238 1006 347 1050 rerum
371 985 422 1050 sit.
459 983 622 1050 Nimirum
645 986 731 1050 enirn
751 987 846 1070 inops
865 985 931 1070 ille,
954 987 983 1052 si
1003 987 1105 1052 bonus

94 1079 146 1138 est
174 1073 236 1155 vir,
270 1073 400 1138 etiamsi
427 1072 547 1138 referre
575 1075 717 1159 gratiam
744 1095 809 1138 non
836 1078 959 1159 potest,
985 1075 1105 1140 habere

59 1181 83 1221 ro
94 1165 183 1227 certe
206 1164 326 1245 potest.
355 1158 531 1226 Commode
554 1166 673 1244 autem,
696 1163 888 1247 quicumque
911 1163 1004 1244 dixit,
1029 1163 1106 1247 ‘pe-

94 1249 248 1316 cuniam
272 1249 336 1333 qui
359 1249 515 1333 habeat,
536 1270 611 1313 non
633 1250 864 1332 reddidisse,
892 1251 957 1334 qui
979 1251 1106 1316 reddi-

94 1338 216 1418 derit,
235 1358 310 1402 non
328 1336 483 1420 habore,
502 1339 670 1422 gratiam
689 1341 816 1402 antem
831 1341 881 1420 et,
900 1339 965 1420 qui
983 1342 1106 1404 rettu-

94 1425 206 1508 lerit,
239 1424 382 1489 habere
414 1427 465 1508 et,
498 1425 561 1508 qui
592 1424 752 1509 habeat,
784 1425 1009 1489 rettulisse?
1059 1426 1107 1491 At

95 1514 153 1597 qui
177 1534 213 1577 se
236 1512 424 1598 locupletes,
446 1511 633 1596 honoratos,
658 1515 769 1579 beatos
791 1517 919 1598 putant,
941 1513 964 1578 ii
987 1535 1028 1578 ne
1052 1514 1107 1579 οἱ)

58 1601 197 1687 aligeri
222 1599 351 1684 quidem
373 1601 528 1666 beneficio
551 1602 678 1686 volunt3
702 1603 779 1686 quin
798 1601 897 1667 etiam
915 1602 1106 1668 beneficium

95 1711 131 1754 se
165 1687 291 1754 dedisse
323 1689 538 1767 arbitrantur,
572 1711 643 1754 cum
675 1690 739 1775 ipsi
770 1690 919 1774 quamvis
950 1711 1106 1776 magnum

96 1777 232 1861 aliquod
260 1777 454 1862 acceperint,
488 1781 585 1862 atque
612 1778 712 1843 etiam
739 1801 759 1843 a
791 1801 825 1843 se
857 1783 914 1844 aut
945 1779 1107 1864 postulari

95 1867 156 1930 ant
180 1866 361 1949 exspectari
383 1865 506 1950 aliquid
529 1866 742 1950 suspicantur,
766 1867 947 1950 patrocinio
969 1889 1047 1932 vero
1072 1889 1106 1932 se

95 1973 176 2018 usos
199 1957 257 2017 aut
280 1953 412 2018 clientes
441 1954 600 2038 appellari
623 1954 737 2018 mortis
760 1955 865 2018 instar
887 1959 1014 2038 putant.
1060 1954 1106 2019 At
1125 1973 1159 2023 ro

58 2057 176 2106 raveto
197 2041 257 2105 ille
279 2041 399 2124 tenuia,
422 2063 508 2124 cum,
532 2042 682 2126 quicquid
703 2041 828 2107 factum
850 2041 903 2125 sit,
926 2063 960 2107 se
984 2047 1106 2128 specta·

95 2133 179 2212 tum,
201 2149 269 2193 non
284 2127 451 2194 fortunam
469 2133 571 2214 putet,
589 2151 654 2195 non
672 2130 768 2195 modo
787 2130 847 2213 illi,
869 2131 925 2214 qui
944 2135 996 2195 est
1014 2131 1106 2196 meri-

95 2221 165 2298 tns,
193 2216 251 2281 sed
278 2217 378 2282 etiarn
404 2217 484 2302 illis,
516 2240 536 2282 a
563 2219 680 2302 quibus
708 2222 875 2304 exspectat
902 2216 992 2306 (eget
1020 2220 1105 2284 enirn

96 2303 241 2390 multis),
273 2308 403 2390 gratum
436 2327 470 2370 se
497 2305 600 2370 videri
627 2306 736 2372 studet
762 2327 866 2390 neque
892 2329 969 2372 vero
996 2308 1105 2372 verbis

97 2397 199 2478 auget
221 2413 317 2458 suum
339 2414 469 2477 munus,
496 2393 526 2458 si
548 2415 612 2478 quo
633 2394 719 2459 forte
741 2394 904 2482 fungitur,
928 2395 983 2459 sed
1006 2395 1106 2460 etiam

59 2484 261 2547 uerterunt.
293 2478 538 2566 Videndumque
561 2481 643 2547 illud
665 2485 724 2566 est,
746 2482 842 2566 quod,
865 2482 894 2547 si
916 2483 1106 2568 opulentum

95 2568 365 2653 fortunatumque
389 2569 578 2654 defenderis,
599 2570 634 2634 in
656 2591 720 2635 uno
733 2569 792 2634 illo
816 2575 881 2655 aut,
904 2571 934 2634 si
954 2570 1049 2654 forte,
1072 2571 1106 2635 in

96 2657 210 2722 liberis
235 2657 303 2722 eius
327 2661 437 2722 manet
459 2657 582 2744 gratia3
606 2658 656 2722 sin
679 2662 787 2722 autem
805 2659 944 2743 inopem,
966 2658 1105 2742 probum

96 2749 210 2810 tamen
228 2749 262 2810 et
279 2745 471 2830 modestum,
494 2767 605 2810 omnes
623 2767 690 2811 non
706 2745 836 2831 inprobi
854 2745 1001 2827 humiles,
1023 2767 1105 2830 quae

96 2854 219 2918 magna
240 2833 276 2897 in
297 2834 418 2918 populo
442 2834 616 2900 multitudo
636 2838 694 2918 est,
717 2832 913 2918 praesidium
932 2833 995 2896 sibi
1012 2855 1105 2918 para·

59 2925 167 2986 sotum
191 2920 311 2985 vident.
357 2921 617 2996 Quamobrem
640 2921 756 2986 melius
779 2920 864 3007 apud
885 2921 987 2986 bonos
1006 2941 1105 3006 quam
1124 2939 1156 2990 tl

95 3009 183 3094 apud
218 3007 411 3074 fortunatos·
441 3009 630 3074 beneficium
662 3010 814 3074 collocari
846 3013 935 3094 puto.
988 3008 1105 3074 Danda

95 3097 229 3162 omnino
252 3102 438 3182 operaest,
465 3101 503 3162 ut
525 3098 613 3163 omni
636 3098 747 3183 generi
770 3097 849 3162 satia
872 3097 979 3162 facere
1001 3099 1104 3180 porsi-

95 3207 182 3269 mus3
220 3183 277 3250 sed
313 3186 340 3249 si
376 3185 499 3250 resin
529 3185 771 3251 contentionem
799 3186 919 3269 veniet,
950 3185 1105 3252 nimirum

95 3271 333 3339 Themistocles
357 3278 407 3338 est
430 3277 543 3340 auctor
565 3273 779 3356 adhibendum
809 3273 865 3358 qui
892 3295 965 3338 curn
993 3295 1105 3340 consu·

62 3362 231 3445 aleretur,
258 3366 369 3427 utrum
395 3363 481 3428 bono
508 3363 578 3428 viro
607 3361 741 3448 pauperi
755 3391 757 3394 ·
770 3382 811 3426 an
835 3361 940 3426 minus
964 3363 1103 3445 probato

95 3449 189 3516 diriti
216 3451 321 3515 filiam
348 3450 535 3516 collocaret:
568 3449 665 3536 ‘Ego
692 3449 809 3532 vero',
839 3449 959 3533 inquit,
987 3449 1104 3514 ‘malo

94 3538 232 3617 virum,
252 3538 317 3622 qui
331 3541 493 3623 pecunia
506 3543 633 3623 egeat,
648 3555 759 3622 quam
772 3537 985 3620 pecuniam,
1006 3555 1104 3618 quae

146 3650 203 3692 crc.
217 3651 258 3692 1v.
272 3652 291 3693 e.
432 3660 434 3666 .
928 3643 944 3690 e
