2578 3950
169 189 235 254 228
592 122 753 244 Timaeus

170 350 348 416 iunioribus
376 349 539 434 permisit,
566 353 605 415 ut
632 371 770 435 corpora
796 348 951 416 mortalia
977 346 1183 434 effingerent,

171 441 392 523 quantumque
414 442 501 504 esset
523 438 684 522 reliquum
706 460 746 504 ex
772 437 914 506 humano
942 436 1065 518 ammo,
1092 437 1182 519 quod
1280 505 1281 516 ,

171 527 302 594 deberet
321 525 478 611 accedere,
495 526 529 592 id
547 548 651 610 omne,
670 528 703 592 et
722 545 804 609 quae
816 525 1048 609 consequentia
1061 528 1181 606 essent,
1280 527 1281 534 ’

170 615 371 700 perpolirent
398 618 431 680 et
459 615 678 696 absolverent3
709 613 823 680 deinde
854 617 891 680 ut
918 613 993 680 huie
1021 612 1182 680 animanti

170 703 333 788 principes
356 723 391 767 se
414 703 574 787 ducesque
595 703 789 788 praeberent
806 702 973 785 vitamque
991 701 1060 766 eius
1081 723 1181 785 quam
1207 726 1219 765 a

170 791 387 876 pulcherrime
400 795 550 876 regerent
564 795 597 858 et
611 791 840 892 gubernarent,
857 794 1015 874 quatenus
1029 811 1097 856 non
1111 790 1181 874 ipse

171 881 252 946 bene
275 879 381 944 factus
404 901 463 944 sua
484 879 581 966 culpe
600 879 663 944 srbi
684 879 808 963 aliquid
829 879 979 946 miseriae
1002 883 1182 963 quaereret.

118 987 152 1040 er
236 966 346 1050 Atque
367 967 396 1030 is
420 966 558 1050 quidem,
580 966 637 1052 qui
657 972 774 1034 cuncta
792 968 973 1052 cenposuit,
993 971 1181 1034 constanter

171 1055 206 1120 in
229 1075 287 1119 suo
310 1055 463 1120 manebat
486 1058 589 1140 statu3
616 1054 672 1139 qui
694 1060 804 1124 autem
827 1061 921 1125 erant
943 1056 986 1122 ab
1009 1077 1046 1122 eo
1071 1055 1181 1138 creati,

172 1163 245 1208 cum
263 1143 407 1227 parentis
426 1143 571 1208 ordinem
590 1144 828 1229 cognovissent,
849 1143 935 1210 hune
954 1144 1180 1228 sequebantur.
1196 1170 1219 1210 ιο

171 1230 288 1314 Itaque
310 1253 383 1298 curn
407 1231 606 1317 accepissent
623 1233 798 1300 inmortale
816 1233 1011 1319 principium
1030 1232 1181 1298 mortalis

172 1319 357 1404 animantis,
380 1320 547 1386 imitentes
572 1321 752 1406 genitorem
776 1326 810 1387 et
832 1321 1016 1388 effectorem
1039 1321 1089 1386 sui
1109 1343 1181 1406 por·

171 1408 289 1474 ticulas
317 1409 404 1494 ignis
432 1412 465 1473 et
491 1413 598 1474 terrae
620 1413 654 1474 et
677 1429 780 1492 aquae
802 1414 838 1476 et
860 1409 987 1476 animae
1010 1432 1030 1475 a
1052 1409 1180 1490 mundo,

173 1518 253 1581 quas
281 1519 392 1562 rursus
420 1497 604 1580 redderent,
631 1498 865 1564 mutuabantur
892 1519 1010 1581 easque
1038 1497 1124 1562 inter
1147 1519 1180 1562 ee

173 1585 370 1670 copulabant
393 1585 480 1650 houd
502 1585 604 1650 isdem
626 1585 751 1668 vinclis,
774 1586 891 1670 quibus
914 1586 979 1670 ipsi
997 1588 1090 1652 erant
1108 1605 1180 1652 con·
1194 1609 1218 1650 u

173 1673 282 1758 ligati,
315 1672 371 1738 sed
397 1673 533 1756 talibuS,
565 1695 647 1756 quae
674 1674 760 1740 cerni
791 1695 858 1740 non
884 1678 1018 1759 possent
1047 1677 1181 1758 propter

172 1760 382 1845 parvitatem,
410 1761 532 1826 crebris
556 1761 649 1846 quasi
671 1762 815 1828 cuneolis
838 1761 1057 1846 inliquefactis
1080 1783 1181 1828 unum

173 1847 358 1914 efficiebant
385 1871 424 1916 ex
452 1850 601 1917 omnibus
629 1871 746 1935 corpus
774 1854 872 1934 etque
898 1851 934 1914 in
961 1872 998 1916 eo
1026 1849 1180 1915 influente
1280 1871 1281 1951 q

120 1957 154 2008 48
174 1941 272 2022 atque
295 1937 446 2004 effluente
469 1939 570 2006 enimi
591 1939 693 2006 divini
715 1938 858 2004 ambitus
883 1937 1077 2024 inligabant.
1117 1936 1180 2003 Ita·

173 2021 235 2110 que
257 2026 309 2090 illi
331 2026 366 2090 in
388 2027 508 2093 flumen
525 2025 658 2094 inmersi
677 2049 780 2111 neque
799 2027 954 2092 tenebant
972 2047 1076 2110 neque
1093 2029 1180 2090 tene·
1194 2049 1220 2092 ro

173 2115 307 2195 bantur,
330 2114 386 2178 sed
410 2115 441 2180 ri
464 2135 583 2200 magna
605 2119 676 2181 tum
699 2114 861 2198 ferebant,
891 2119 961 2180 tum
984 2113 1181 2180 ferebantur.

173 2200 226 2264 Ita
257 2204 364 2266 totum
396 2201 517 2268 animal
549 2203 740 2270 movebatur
766 2203 849 2270 illud
877 2203 1021 2288 quidem,
1053 2202 1109 2268 aad
1136 2202 1182 2266 in·

173 2287 339 2354 moderate
363 2293 395 2353 et
419 2288 563 2372 fortuito,
586 2293 623 2356 ut
646 2311 702 2356 sex
722 2291 865 2358 motibus
884 2291 1064 2356 veheretur.
1095 2289 1182 2356 Nam
1278 2349 1279 2372 ,

173 2381 208 2442 et
231 2380 307 2442 ante
329 2380 362 2440 et
385 2398 470 2461 pone
492 2378 587 2444 etad
611 2379 737 2446 laevam
760 2379 855 2445 etad
879 2380 1026 2444 dextram
1055 2381 1088 2444 at
1116 2400 1183 2446 sur-
1278 2375 1279 2460 l

174 2487 247 2530 sum
270 2468 303 2530 et
326 2465 489 2549 deorsum,
512 2466 608 2534 modo
631 2467 707 2550 huc,
730 2467 826 2534 modo
849 2467 928 2534 illuc
952 2518 958 2533 .
982 2517 989 2532 .
1014 2515 1052 2532 ..
1197 2489 1224 2530 aa
1278 2461 1279 2470 ’

583 2608 601 2646 ‘t
756 2605 776 2646 11

669 2651 688 2692 *

247 2743 326 2817 [Tres
339 2743 399 2800 fere
413 2744 514 2800 desunt
525 2743 647 2814 paginae
660 2743 796 2801 orationis
810 2743 982 2800 Platonicae.
1010 2744 1104 2800 Verba
1117 2746 1184 2800 ante

174 2814 284 2872 hiatum
303 2815 404 2872 idtima
421 2814 492 2872 haec
510 2818 576 2872 sunt
593 2831 638 2886 ap.
656 2813 765 2874 Platon.
784 2833 813 2885 p.
828 2821 863 2870 43
885 2814 907 2870 Β
927 2814 970 2870 ed.
991 2815 1087 2896 saph.
1106 2812 1185 2872 κάτω

174 2905 204 2940 τε
227 2886 276 2940 καὶ
301 2881 361 2941 ἅνω
385 2885 433 2939 rel
458 2881 560 2956 πάντη.
596 2885 739 2954 Abruptae
762 2884 897 2940 orationis
921 2885 998 2942 filnn
1022 2886 1066 2940 hrs
1093 2885 1187 2941 verbis

175 2955 318 3042 ap‘Plat.
346 2961 432 3097 9ss¹ss
455 2955 480 3010 Α
507 2972 599 3010 rursus
627 2956 797 3011 adnectitur:
825 2950 889 3018 ἑνός
915 2975 944 3010 τε
974 2947 1012 3011 αὖ
1039 2955 1104 3026 περὶ
1131 2953 1185 3025 τὴν
1200 2970 1227 3010 se

175 3031 306 3096 tarorqw
325 3045 381 3082 κτε.

122 3151 166 3276 {31
242 3168 305 3238 Sed
328 3171 414 3236 siin
436 3170 608 3256 splendore
629 3170 788 3252 consedit,
810 3173 881 3240 tum
903 3170 956 3235 vel
977 3170 1092 3238 eadem
1115 3192 1186 3255 spe

176 3258 240 3324 cies
263 3260 315 3324 vel
338 3258 500 3326 interdum
522 3259 684 3328 inmutata
704 3258 858 3342 redditur,
881 3280 955 3326 eum
972 3259 1059 3345 ignis
1078 3260 1186 3326 oeulo-

175 3367 248 3410 rum
270 3368 344 3412 cum
367 3369 404 3412 eo
426 3348 516 3432 igne,
544 3347 601 3431 qui
623 3351 673 3412 est
697 3348 738 3414 ob
762 3367 798 3414 os
822 3347 958 3431 offusus,
982 3369 1016 3412 se
1039 3346 1185 3414 confudit

174 3437 209 3498 et
232 3435 379 3500 contulit.
416 3433 539 3502 Dextra
562 3439 670 3502 autem
692 3435 851 3518 videntur,
877 3456 959 3519 quae
981 3435 1076 3501 laeva
1099 3438 1185 3518 sunt,
1202 3451 1227 3491 ³⁵

176 3521 253 3605 quia
279 3522 451 3587 contrariis
483 3523 631 3608 pertibus
664 3524 830 3590 oculorum
862 3523 1042 3588 contrarias
1072 3527 1185 3608 partes
