2512 3932
159 175 202 241 14
550 175 598 229 DE
618 171 767 228 orrlcns

158 337 327 404 sulendum
350 339 409 420 est,
430 339 501 400 tum
524 335 560 419 ii,
586 335 642 420 qui
662 334 763 399 'armis
786 333 902 418 positis
926 333 967 398 ed
989 333 1169 420 imperato·

158 447 230 491 rum
243 425 339 490 fidem
354 423 551 510 confugient,
566 423 712 506 quamvis
724 444 853 488 murum
863 421 946 486 aries
960 423 1169 507 percusserit,

157 511 339 597 recipiendi.
370 511 410 576 In
425 533 488 596 quo
502 514 673 596 tantopere
687 510 773 596 apud
791 510 922 575 nostros
936 509 1064 575 iustitia
1078 511 1169 576 culta
1243 533 1244 562 ι

158 605 217 684 est,
239 604 276 666 ut
298 599 331 684 ii,
354 600 409 682 qui
431 599 579 666 civitates
602 603 660 663 aut
681 599 831 663 nationes
854 597 996 663 devictas
1019 598 1109 664 bello
1132 599 1169 663 in
1243 611 1244 614 ’

157 689 254 754 fidem
271 688 476 772 recepissent,
495 709 606 752 earum
624 686 754 772 patroni
768 690 877 751 essent
890 705 981 751 more
994 686 1167 752 maiorum.
1193 704 1208 746 5

105 793 139 843 36
158 776 206 842 Ae
233 776 313 841 belli
346 775 474 859 quidem
506 775 653 859 aequitas
685 775 889 840 sanctissime
919 773 1025 839 fetiali
1051 775 1168 860 populi

157 864 297 929 Romani
323 863 393 927 iure
416 864 597 949 perscripta
620 865 679 928 est.
723 861 774 927 Ex
796 883 860 947 quo
883 862 1032 947 intellegi
1054 866 1168 948 potest

156 953 284 1016 nullum
305 950 429 1016 bellum
452 971 522 1015 esse
544 951 676 1034 iustum,
697 950 762 1015 nisi
780 950 866 1034 quod
887 953 944 1016 aut
961 951 1059 1016 rebus
1078 971 1167 1036 repe-

157 1039 228 1104 titis
257 1042 389 1124 geratur
418 1042 474 1103 aut
501 1039 725 1104 denuntiatum
758 1041 834 1104 ante
863 1037 907 1103 sit
934 1042 967 1102 et
997 1037 1166 1104 indictum.

159 1126 317 1212 [Popilius
336 1125 513 1211 imperator
531 1127 664 1192 tenebat
681 1125 891 1212 provinciam,
913 1126 948 1191 in
968 1125 1059 1192 cuius
1078 1145 1207 1191 exer-1⁰

158 1215 224 1279 citu
243 1211 376 1280 Catonis
393 1214 480 1278 filius
503 1214 567 1280 tiro
591 1215 765 1279 militabat.
801 1212 883 1280 (lum
907 1217 1016 1279 antem
1034 1213 1165 1300 Popilio

157 1302 321 1368 videretur
346 1323 445 1368 unam
473 1301 636 1368 dimittere
663 1302 839 1388 legionem,
870 1300 1005 1368 Ontonia
1035 1323 1166 1387 quoquc

156 1390 274 1474 filium,
298 1390 353 1474 qui
375 1391 409 1455 in
431 1390 543 1456 eadem
566 1390 694 1476 legione
716 1390 895 1474 militabat,
922 1390 1055 1455 dimisit.
1102 1389 1166 1456 Sed

157 1500 230 1545 cum
253 1499 363 1544 amore
381 1478 547 1563 pugnandi
564 1478 599 1542 in
616 1477 758 1543 exercitu
775 1478 993 1561 remansisset,
1016 1477 1100 1544 Oato
1123 1479 1165 1544 ad

155 1565 326 1652 Popilium.
339 1565 478 1651 scripsit,
501 1569 547 1648 ut,
567 1565 595 1629 si
614 1587 688 1629 eum
706 1566 831 1651 patitur
847 1566 883 1630 in
901 1566 1043 1632 exercitu
1062 1585 1206 1632 rema-1⁵

155 1675 246 1737 nere,
273 1652 411 1718 secundo
435 1674 507 1718 eum
531 1653 656 1738 obliget
678 1653 815 1719 militiae
843 1658 1060 1739 sacramento,
1088 1656 1167 1739 quia

155 1741 263 1826 priore
287 1740 407 1805 amisso
430 1740 500 1804 iure
517 1761 590 1806 cum
608 1741 757 1806 hostibus
776 1763 922 1828 pugnare
939 1763 1006 1808 non
1023 1746 1165 1827 poterat.

103 1845 137 1894 37
157 1827 248 1893 Adeo
272 1849 398 1893 summa
420 1832 492 1894 erat
514 1828 699 1894 observatio
725 1829 761 1894 in
786 1830 875 1895 bello
902 1830 1083 1912 movendo]
1120 1830 1165 1896 M.

156 1915 284 2002 quidem
312 1915 446 1983 Catonis
475 1917 560 1982 senis
590 1921 641 1982 cst
667 1917 809 2003 epistula
836 1917 877 1983 ad
903 1917 946 1984 M.
977 1918 1096 2005 filium,
1128 1919 1165 1984 in

156 2027 219 2089 qua
238 2004 352 2070 scribit
370 2025 404 2069 se
424 2004 551 2070 audisse
570 2027 643 2071 eum
667 2005 803 2070 missum
820 2005 943 2072 iactum
962 2027 1032 2072 esse
1050 2029 1071 2072 a
1089 2027 1163 2073 con·
1178 2026 1205 2066 ιο
1244 2061 1245 2064 ι

156 2093 233 2176 sule,
248 2114 320 2156 cum
334 2093 369 2156 in
382 2091 569 2158 Macedonia
582 2093 670 2158 bello
680 2092 809 2159 Persico
824 2095 917 2159 miles
932 2099 1026 2160 esset.
1049 2093 1165 2161 Monet
1244 2097 1245 2162 Ϊ

86 2203 103 2212 ·
154 2179 267 2265 igitur,
290 2182 476 2264 dissecat,
502 2201 544 2245 ne
565 2181 726 2266 proelium
747 2182 849 2265 ineat3
879 2186 979 2268 neget
1002 2183 1088 2248 enim
1110 2184 1163 2249 ius

104 2267 234 2350 12essc,
257 2267 312 2350 qui
335 2267 429 2331 miles
447 2288 513 2332 non
531 2267 583 2352 ait,
606 2291 678 2334 cum
697 2269 792 2334 hoste
811 2290 965 2356 pugnare.
1001 2270 1163 2354 Equidem

154 2355 254 2419 etiam
280 2354 364 2419 illud
390 2354 625 2440 animadverto,
657 2358 756 2441 quod,
789 2359 844 2441 qui
870 2358 1003 2442 proprio
1030 2360 1163 2425 nomine

153 2442 367 2526 perduellis
390 2445 484 2526 esset,
507 2443 535 2507 is
558 2443 684 2509 bostis
707 2449 886 2529 vocaretur,
911 2446 1047 2511 lenitate
1069 2449 1163 2512 verbi
1177 2464 1203 2504 25

153 2530 201 2594 rei
223 2529 394 2594 tristitiam
421 2530 616 2615 mitigatam.
660 2531 776 2597 Hostis
803 2534 889 2597 enim
912 2534 998 2618 apud
1020 2535 1162 2601 maiores

152 2620 284 2685 nostros
298 2617 327 2682 is
342 2617 517 2703 dicebatur,
536 2641 631 2704 quem
649 2641 733 2686 nunc
750 2622 999 2706 peregrinum
1016 2622 1163 2689 dicimus.

152 2704 302 2772 Indicant
333 2706 500 2772 duodecim
533 2707 678 2773 tabulae:
714 2725 782 2773 sur
815 2725 944 2775 sensus
974 2725 1056 2775 mss
1089 2726 1162 2777 curs

152 2809 278 2878 nossa,
299 2794 455 2879 itemque:
477 2812 657 2861 rnvnssus
680 2811 823 2861 nosrsu
845 2813 1013 2862 suranus
1030 2815 1162 2865 sucro

152 2897 263 2948 lamas.
312 2880 396 2957 Quid
427 2881 469 2947 ad
499 2881 582 2948 hanc
619 2884 899 2950 mansuetudinem
931 2885 1006 2951 addi
1041 2889 1161 2972 potest,
1176 2905 1204 2946 ao

153 2989 239 3051 eum,
262 2969 391 3054 quicum
413 2970 537 3048 bellum
559 2991 668 3055 geras,
692 2974 762 3036 tam
784 2974 878 3037 molli
899 2974 1029 3039 nomine
1052 2977 1162 3060 appel·

151 3057 241 3122 lare?
274 3056 477 3141 Quamquam
490 3058 523 3122 id
536 3078 656 3124 nomen
670 3059 779 3124 durius
797 3061 902 3126 effecit
920 3062 986 3126 iam
999 3066 1162 3148 vetustam
1244 3111 1245 3114 ,

153 3165 173 3208 a
194 3145 365 3230 peregrino
389 3146 474 3210 enim
497 3146 631 3211 recessit
654 3151 687 3211 et
709 3148 840 3232 proprie
861 3150 897 3215 in
920 3171 967 3233 eo,
989 3151 1045 3234 qui
1068 3173 1162 3218 arma

100 3245 132 3296 38
152 3235 266 3296 contra
286 3231 395 3317 ferret,
418 3234 583 3298 remansit.
629 3232 711 3300 Cum
734 3257 810 3300 vero
833 3238 872 3302 de
894 3238 1030 3322 imperio
1054 3238 1160 3305 decer·

151 3321 241 3383 tatur
268 3319 419 3404 belloque
447 3323 614 3405 quaeritur
641 3322 761 3408 gloria,
788 3345 902 3392 causas
930 3326 1062 3392 omnino
1086 3329 1159 3392 sub
1174 3354 1201 3394 aa

151 3425 221 3471 esse
235 3410 346 3472 tamen
360 3413 489 3493 oportet
504 3408 640 3494 casdem,
660 3433 740 3496 quas
759 3411 824 3477 dixi
843 3415 941 3499 paulo
961 3418 1036 3479 aute
1055 3415 1159 3481 iustas

150 3516 264 3561 causas
293 3515 363 3560 esse
391 3497 560 3562 bellorum.
606 3495 669 3564 Sed
696 3520 734 3564 ea
761 3499 864 3586 bella,
890 3502 1007 3588 quibus
1030 3502 1160 3589 imperii
