2504 3950
324 191 391 250 LIB.
410 194 444 248 11.
481 193 557 250 cAP.
579 201 691 252 17-1,e.
728 202 874 264 §eo-es.
1059 196 1100 260 79

88 375 261 419 munerum
280 355 378 441 longe
397 361 574 442 antepon03
596 358 676 422 haec
694 361 746 422 est
763 359 912 444 gravium
932 358 1100 424 hominnm

88 446 186 526 atque
204 464 412 529 magnorum,
433 444 493 510 illa
511 445 605 529 quasi
623 445 867 512 adsentatorum
885 447 999 532 populi
1019 447 1101 511 mul·

87 530 241 596 titudinis
264 531 436 597 levitatem,
451 533 621 618 voluptate
645 534 738 618 quasi
760 534 976 600 titillantium.
1017 535 1099 601 Oen·
1118 551 1153 601 64

87 619 197 684 veniet
226 623 337 685 autem
364 642 436 686 enm
464 621 626 687 iudendo
649 623 837 688 munificum
860 643 943 706 esse,
972 629 1042 688 turn
1065 625 1101 689 in

64 707 249 793 ⁵exigendo
276 729 342 774 non
373 711 525 774 acerbum
556 710 591 775 in
622 711 773 794 omnique
804 733 839 775 re
872 711 1101 795 contrahenda,

87 795 261 861 vendundo
290 797 437 880 emendo,
464 798 669 864 conducendo
696 799 846 882 locando,
877 799 1100 865 vicinitatibus

88 887 120 948 et
138 883 300 968 confiniis,
318 907 465 970 aequum,
481 885 621 966 facilem,
640 889 745 952 multa
763 887 876 953 multis
896 889 936 953 de
953 909 1012 953 suo
1031 889 1101 952 iure

88 971 267 1056 cedentem,
290 973 446 1039 alitibus
468 996 555 1058 vero,
578 980 735 1059 quantum
757 977 855 1042 liceat
875 981 908 1042 et
926 977 1034 1042 nescio
1058 999 1101 1041 an

86 1061 186 1144 paulo
205 1061 282 1145 plus
300 1061 410 1145 etiam,
428 1063 645 1148 quamlibeat,
663 1064 900 1130 abhorrentem
936 1065 1000 1130 Est
1013 1066 1100 1130 enim

54 1165 76 1204 ιο
86 1169 154 1214 non
176 1149 275 1214 modo
298 1149 433 1216 liberale
455 1152 589 1236 paulum
610 1174 677 1218 non
698 1175 876 1237 numquam
895 1153 934 1218 de
952 1175 1011 1220 suo
1030 1155 1100 1218 iure

88 1237 255 1320 decedere,
283 1239 346 1303 sed
365 1239 528 1305 interdum
558 1240 658 1306 etiam
684 1241 896 1306 fructuosum.
941 1240 1101 1306 Habenda

88 1328 198 1390 autem
227 1326 313 1391 ratio
341 1330 393 1391 est
417 1327 465 1392 rei
495 1328 681 1413 familiaris,
712 1335 812 1413 quam
842 1327 971 1413 quidem
999 1329 1101 1394 dilabi

88 1413 194 1478 sinere
216 1413 418 1500 flagitiosum
441 1420 500 1499 est,
523 1417 580 1482 sed
599 1417 656 1496 ita,
679 1421 717 1480 ut
734 1417 979 1482 inliberalitatis
998 1417 1098 1482 avari-

86 1501 219 1586 tiaeque
244 1503 331 1567 absit
353 1503 508 1589 suspici03
531 1526 627 1589 posse
645 1505 731 1570 enirn
749 1505 949 1571 liberalitate
968 1505 1017 1571 uti
1034 1525 1101 1569 non

51 1605 75 1646 1⁵
88 1591 288 1674 spoliantem
310 1613 344 1657 se
372 1592 569 1677 patrimonio
592 1594 746 1659 nimirum
769 1597 820 1658 est
841 1594 995 1678 pecuniae
1018 1593 1101 1658 fruc·

86 1682 140 1744 tus
159 1679 332 1746 maximus.
367 1679 468 1748 Recte
488 1682 588 1747 etiam
606 1704 626 1746 a
644 1681 871 1768 Theophrasto
895 1685 945 1746 est
967 1681 1101 1747 laudata

85 1767 316 1852 hospitalitas,
337 1772 389 1834 est
411 1769 505 1852 enim,
528 1774 566 1834 ut
587 1769 670 1835 mihi
691 1770 823 1854 quidem
845 1770 982 1854 videtur,
1005 1769 1101 1836 valde

87 1854 242 1920 decorum
259 1859 372 1941 patere
390 1856 504 1922 domus
520 1857 691 1924 hominum
708 1859 897 1923 inlustrium
915 1859 1099 1942 hospitibus

86 1943 297 2028 inlustribus,
324 1945 420 2029 idque
448 1946 547 2011 'etiam
574 1947 622 2010 rei
649 1946 799 2031 publicae
826 1949 877 2010 est
900 1949 1101 2029 ornamento,
1145 1999 1150 2007 ,

51 2047 75 2088 2⁰
86 2031 238 2098 homines
252 2036 406 2098 externos
416 2033 478 2099 hoc
491 2034 700 2100 liberalitatis
715 2055 833 2120 genere
845 2034 880 2098 in
893 2034 974 2098 urbe
987 2035 1101 2098 nostra

85 2141 152 2186 non
171 2141 277 2206 egere.
311 2119 376 2186 Est
393 2125 503 2188 autem
521 2123 620 2188 etiam
638 2124 847 2189 vehementer
868 2122 949 2188 utile
971 2122 1022 2200 iis,
1046 2122 1102 2207 qui

85 2208 226 2274 honeste
248 2231 345 2294 posse
367 2210 509 2276 multum
530 2211 659 2295 volunt,
689 2233 748 2296 per
770 2211 919 2296 hospites
940 2211 1025 2296 apud
1049 2232 1101 2275 ex·

85 2301 199 2364 ternos
223 2298 362 2382 populos
384 2299 494 2364 valere
515 2299 631 2383 opibus
651 2302 684 2364 et
702 2299 818 2384 gratia.
855 2299 1100 2384 Theophrastus

86 2385 220 2470 quidem
242 2385 358 2450 scribit
375 2383 542 2452 Cimonem
561 2386 701 2452 Athenis
721 2388 819 2452 etiam
841 2387 877 2452 in
900 2408 976 2452 suos
998 2387 1100 2452 curia·

50 2474 133 2539 slas
155 2472 316 2540 Laciadas
338 2473 537 2560 hospitalem
559 2475 673 2559 fuisse3
695 2474 743 2540 ita
762 2475 849 2541 enim
866 2475 1048 2540 instituisse
1067 2476 1100 2542 et

84 2561 192 2628 vilicis
216 2563 437 2648 imperavisse,
459 2566 498 2628 ut
516 2564 625 2628 omnia
641 2564 885 2649 praeberentur,
907 2563 1099 2649 quicumque

84 2649 243 2716 Laciades
266 2651 302 2716 in
322 2651 437 2718 villam
461 2673 553 2718 suam
579 2651 778 2717 devertisset.

151 2737 244 2814 Quae
262 2743 372 2805 autem
391 2761 498 2825 opera,
520 2761 586 2805 non
604 2740 779 2826 largitione
798 2739 954 2804 beneficia
972 2739 1099 2822 dantur,
1109 2706 1150 2834 152

85 2827 166 2894 haec
183 2830 258 2892 tum
275 2827 311 2892 in
328 2827 514 2894 universam
531 2849 601 2894 rem
618 2827 792 2913 publicam,
810 2831 882 2892 tum
900 2826 935 2890 in
952 2827 1099 2912 singulos

50 2930 73 2971 ³⁰
85 2917 172 2982 cives
187 2915 408 2981 conferrentur.
439 2915 471 2980 N
474 2938 526 2982 am
544 2916 579 2982 in
596 2916 666 2982 iure
684 2937 807 2999 cavere,
829 2914 964 2981 oonsilio
987 2915 1099 2980 iuvare

86 3010 186 3089 atque
213 3004 277 3069 hoc
304 3005 458 3070 scientiae
486 3024 603 3090 genere
635 3004 788 3089 prodesse
821 3025 918 3086 quam
949 3003 1100 3088 plurimis

84 3093 296 3158 vehementer
315 3097 356 3158 -et
383 3093 424 3158 ad
453 3113 530 3177 opes
556 3091 719 3178 augendas
742 3091 885 3176 pertinet
908 3096 941 3155 et
964 3092 1005 3155 ad
1028 3111 1100 3175 gra·

84 3181 175 3246 tiana
230 3180 346 3266 Itaque
378 3187 452 3246 cum
484 3181 589 3246 multa
619 3181 787 3266 praeclara
818 3179 992 3262 maiorum,
1027 3182 1100 3244 tum

85 3271 172 3354 quod
195 3269 320 3355 optime
342 3269 512 3335 constituti
535 3268 614 3333 iuris
637 3268 743 3334 civilis
765 3289 891 3333 summo
915 3287 1042 3351 semper
1064 3268 1113 3332 in

52 3357 209 3424 ”honore
227 3356 292 3422 fuit
310 3357 454 3443 cognitio
473 3361 571 3441 atque
588 3355 830 3440 interpretati03
853 3377 951 3438 quam
970 3355 1099 3440 quidem

85 3451 160 3512 ente
186 3446 274 3512 hanc
302 3445 524 3512 confusionem
548 3449 733 3529 temporum
755 3443 790 3508 in
811 3444 1017 3530 possessione
1040 3464 1099 3507 sua

83 3535 249 3621 principes
264 3534 474 3619 retinuerunt,
487 3555 583 3618 nune,
597 3536 635 3598 ut
648 3532 798 3617 honores,
816 3536 855 3595 ut
868 3551 979 3596 omnes
996 3528 1098 3614 digni·
