2504 3950
309 185 377 244 ΜΒ.
396 187 417 241 1.
455 185 531 241 cnr.
551 191 594 258 an,
613 193 656 244 ee.
692 155 876 255 erro-120.
1052 192 1094 255 41

86 347 211 434 ingredi
238 347 356 414 melius
386 351 486 432 esset,
517 348 579 415 hoc
605 347 740 418 Herculi
767 349 867 416 ‘Iovis
895 353 969 417 satu
996 349 1097 418 edito'

85 436 191 522 potuit
212 435 359 502 lomere
380 437 576 524 contingere,
598 438 694 503 nobie
716 459 783 504 non
804 439 893 524 item,
917 440 973 524 qui
990 439 1098 504 imita·

85 545 168 607 mur,
196 545 282 608 quoe
304 525 418 610 cuique
440 525 546 591 rieum
568 529 632 610 est,
660 530 758 611 atque
785 527 826 592 ad
854 549 965 593 eorum
988 528 1097 594 studia

85 614 302 698 institutaque
324 613 537 698 impellimur3
564 613 754 699 plerumque
777 620 886 680 eutem
912 617 1097 701 parentium

62 701 1097 877 “multitudiuetllllltltsslltlll

85 877 201 944 maiori
215 877 305 963 parti
319 878 538 963 pulcherrima
548 878 707 962 videntur,
721 901 759 944 ea
772 880 912 946 maxime
927 885 1097 965 exoptant3

84 987 149 1032 non
170 967 257 1032 nulli
283 971 395 1032 tamen
417 965 486 1030 cive
511 965 669 1032 felicitate
695 967 835 1051 quadam
857 968 926 1033 eive
948 968 1097 1034 bonitate

85 1059 222 1156 naturae
245 1053 317 1119 eine
338 1054 523 1141 parentium
548 1055 719 1144 disciplina
741 1060 864 1122 rectam
883 1056 971 1122 vitae
994 1057 1097 1123 secuti

51 1147 372 1296 lemndllvuldmdutem
390 1230 531 1297 maxime
550 1251 661 1296 rarum
685 1251 786 1317 genus
810 1236 861 1298 eet
884 1253 1005 1318 eorum,
1027 1233 1084 1318 qui
1099 1204 1149 1330 ᾗῇ

86 1323 143 1386 aut
160 1318 333 1386 excellenti
350 1318 472 1404 ingenii
489 1320 713 1405 magnitudine
732 1323 789 1385 eut
806 1322 974 1404 praeclara
994 1322 1096 1386 erudi·

84 1408 173 1474 tione
201 1411 300 1490 etque
328 1405 476 1472 doctrina
504 1412 561 1474 aut
587 1410 725 1492 utraque
753 1427 788 1473 re
815 1409 923 1473 ornati
953 1409 1096 1493 epatium

86 1496 185 1560 etiem
209 1494 410 1561 deliberandi
432 1495 630 1579 habuerunt,
658 1515 753 1579 quem
780 1496 987 1580 potissimum
1010 1496 1097 1561 vitae

51 1601 216 1649 comeum
244 1583 337 1667 aequi
364 1583 500 1666 vellent3
527 1584 560 1648 in
589 1603 653 1672 qua
679 1583 913 1650 deliberatione
940 1584 1109 1650 adenem

85 1673 240 1758 cuiusque
272 1675 424 1737 naturam
456 1671 627 1737 concilium
659 1676 710 1736 est
741 1693 836 1738 omne
871 1673 1097 1739 revocandum.
1190 1677 1197 1692 ’

85 1759 170 1826 Nam
189 1781 265 1826 cum
282 1760 319 1825 in
335 1757 496 1843 omnibus,
518 1781 601 1844 qnae
620 1763 770 1846 aguntur,
792 1781 832 1825 ex
851 1781 898 1845 eo,
917 1783 980 1844 quo
1000 1761 1096 1826 modo

86 1849 223 1932 quicque
243 1853 343 1914 natue
366 1851 430 1931 eet,
455 1852 494 1914 ut
516 1849 759 1933 supradictum
782 1852 846 1933 eet,
876 1850 953 1933 quid
975 1849 1097 1932 deceat,

86 1937 301 2022 exquirimus,
327 1941 398 2002 turn
425 1937 459 2002 in
481 1939 555 2000 tcta
576 1936 647 2001 vita
670 1935 896 2001 constituenda
919 1937 1023 2002 multo
1047 1942 1098 2001 eet

52 2025 114 2089 noi
136 2025 186 2090 rei
209 2045 288 2089 cura
310 2024 414 2090 maior
436 2023 627 2108 adhibenda,
649 2027 687 2089 ut
709 2026 859 2090 constare
881 2023 916 2088 in
936 2024 1097 2109 perpetui·

86 2116 154 2177 tate
176 2113 267 2178 vitoe
289 2112 453 2196 poscimus
474 2113 639 2177 nobismet
659 2111 741 2198 ipsis
763 2131 822 2178 nec
844 2111 879 2177 in
901 2112 970 2178 ullo
989 2109 1096 2178 officio

86 2201 277 2266 claudicare.
313 2200 367 2265 Ad
388 2201 472 2265 hene
495 2203 605 2266 eutem
624 2201 785 2266 rationem
808 2200 961 2286 quoniam
985 2201 1150 2268 maxi-120

86 2311 172 2354 mam
195 2288 265 2354 vim
287 2292 415 2354 natura*
428 2288 538 2372 habet,
559 2287 693 2354 fortuna
715 2288 906 2374 proximam,
927 2289 1097 2373 utriusque

86 2377 219 2444 omnino
246 2376 398 2443 habenda
424 2377 510 2442 ratio
535 2380 586 2442 eet
607 2376 642 2440 in
665 2375 836 2464 deligendo
860 2397 977 2462 genere
1000 2376 1097 2461 vitae,

51 2466 142 2530 ased
162 2469 304 2530 naturae
326 2464 446 2552 magia
470 2465 573 2530 multo
597 2464 683 2530 enim
706 2469 739 2529 et
761 2464 887 2530 firmior
905 2468 956 2530 eet
974 2468 1007 2529 et
1024 2483 1097 2530 oon·

87 2553 237 2637 stantior,
256 2557 295 2617 nt
310 2551 443 2619 fortuna
459 2573 526 2618 non
543 2573 721 2637 numquam
738 2555 907 2638 tamquam
925 2553 1002 2636 ipsa
1013 2573 1098 2618 mor·

86 2643 161 2706 talis
194 2661 270 2708 cum
301 2641 470 2706 inmortali
505 2643 624 2706 natura
654 2659 802 2726 pugnare
832 2639 990 2706 rideatur.
1035 2639 1098 2716 Qui

86 2730 187 2816 igitur
216 2727 259 2794 ad
284 2733 421 2794 naturae
449 2748 527 2794 suae
550 2748 617 2794 non
639 2729 777 2794 vitiosae
800 2747 902 2814 genus
925 2728 1097 2793 consilium

85 2817 216 2883 vivendi
250 2837 345 2882 omne
377 2815 565 2901 contulerit,
595 2817 625 2881 is
657 2818 876 2883 constantiam
907 2818 1018 2880 teneat
1049 2813 1097 2899 (id

52 2907 173 2971 neuim
198 2905 340 2970 maxime
363 2903 479 2992 decet),
504 2905 569 2970 nisi
591 2904 677 2970 forte
700 2925 734 2970 ee
754 2901 953 2968 intellexerit
971 2923 1097 2968 errasse

85 2994 118 3060 in
140 2993 316 3081 deligendo
345 3013 462 3080 genere
488 2993 584 3058 vitae.
629 2991 774 3068 Quodsi
797 2991 950 3057 acciderit
973 2992 1098 3077 (potest

86 3087 196 3148 autem
211 3080 380 3166 accidere),
392 3081 539 3146 iacienda
553 3101 681 3148 morum
694 3081 985 3163 institutorumque
994 3083 1098 3144 muta-

85 3171 131 3236 tio
149 3173 211 3236 eet.
244 3168 329 3239 Eam
347 3169 561 3235 mutationem
580 3169 609 3234 ei
626 3172 776 3253 ternpore
795 3168 1003 3250 adiuvabant,
1021 3167 1098 3232 faei-

85 3257 147 3323 liue
175 3257 442 3342 commodiusque
468 3256 639 3340 faeiemue3
666 3257 718 3322 ein
744 3257 865 3340 minue,
892 3254 1014 3320 eeneim
1036 3257 1099 3320 erit

54 3345 384 3433 apenenmpcimque
411 3345 571 3430 facienda,
602 3349 640 3410 ut
672 3344 844 3426 amicitiae,
877 3364 959 3427 quae
990 3343 1098 3408 minus

87 3434 251 3503 delectent
278 3437 313 3500 et
338 3433 447 3500 minue
472 3433 664 3518 probentur,
693 3432 800 3518 magis
828 3432 938 3497 decere
967 3433 1098 3496 censent

88 3523 252 3610 capientes
289 3522 409 3588 eeneim
445 3522 566 3587 diluere
603 3541 700 3605 quam
736 3522 870 3605 repente
905 3515 1097 3602 praecidere.
