2504 3950
338 193 407 252 nm.
426 195 460 252 IL
497 193 573 252 cnP.
594 201 620 264 e,
639 201 664 251 e.
696 199 843 262 see-ae.
914 153 917 158 Α
1057 189 1100 259 67

154 353 218 420 Sed
246 355 286 420 de
310 354 455 421 amicitia
478 357 543 423 alio
567 357 651 422 libro
675 357 796 422 dietum
820 361 883 436 est,
912 357 967 442 qui
989 357 1139 424 inseri-9

89 443 177 509 bitur
199 443 349 527 Laelins3
370 465 455 510 nune
478 445 621 512 dieamus
644 446 683 511 de
706 446 821 532 gloria,
844 467 1040 530 quemquem
1062 465 1101 510 ea

88 553 216 616 quoque
245 531 285 596 de
307 553 343 596 re
366 531 429 597 duo
452 537 529 598 sunt
554 534 661 600 nostri
687 533 778 617 libri,
806 534 862 598 sed
889 535 1100 620 attingamus,
1235 575 1236 578 =

88 619 352 705 quandoquidem
381 641 419 684 ea
445 621 480 686 in
506 620 603 687 rebus
630 621 808 687 maioribus
835 621 1100 687 administrandis

64 709 222 774 aadiuva
245 709 431 792 plurimum.
478 706 611 776 Summa
637 710 739 794 igitur
767 713 800 774 et
827 708 971 794 perfetta
993 710 1100 795 gloria

87 800 217 862 constat
247 817 286 860 ex
312 796 419 861 tribus
446 797 512 861 his:
540 798 568 862 si
595 798 705 884 diligit
731 797 921 880 multitudo,
949 797 978 861 si
1003 798 1100 861 fidem

85 885 196 968 hebet,
215 885 246 949 si
260 905 334 950 eum
348 884 562 950 admiratione
576 886 716 971 quadam
729 886 852 951 honore
867 885 982 971 dignos
996 889 1101 971 putat.

87 972 175 1038 Haec
200 977 326 1056 eutem,
356 973 385 1036 ei
408 977 459 1038 est
482 974 673 1060 simpliciter
694 975 900 1059 breviterque
923 973 1101 1052 dicendum,

88 1061 206 1146 quibus
229 1060 329 1126 rebus
351 1061 525 1146 pariuntur
547 1082 567 1127 a
587 1062 735 1148 singulis,
758 1063 878 1128 eisdem
895 1061 964 1126 fere
982 1085 1002 1126 a
1019 1062 1101 1127 mul-

56 1167 76 1206 1⁰
87 1149 238 1214 titudine.
276 1147 340 1212 Sed
363 1152 413 1214 eet
436 1150 519 1215 elius
539 1171 665 1234 quoque
684 1151 816 1234 quidem
835 1150 941 1216 aditus
961 1150 1001 1214 ad
1019 1150 1100 1214 mul·

87 1237 274 1320 titudinem,
292 1241 329 1300 ut
346 1237 382 1302 in
399 1238 623 1304 universorum
642 1239 767 1303 animos
781 1241 949 1321 tamquam
966 1237 1101 1303 influere

89 1326 263 1411 possimus.
300 1325 349 1390 Aa
366 1325 508 1410 primum
532 1327 570 1391 de
592 1327 660 1391 illis
682 1325 797 1409 tribus,
820 1347 903 1409 qnae
926 1328 1002 1390 ante
1025 1327 1100 1409 dixi,
1119 1340 1153 1391 32

89 1413 331 1480 benivolentiae
353 1418 526 1499 praecepta
547 1414 728 1497 videamus3
755 1435 837 1497 quae
865 1413 995 1497 quidem
1017 1413 1102 1497 eapi-

89 1506 141 1568 tnr
162 1501 334 1568 benefieiis
356 1503 509 1586 maxime,
538 1502 676 1568 seeundo
705 1505 814 1567 autem
837 1501 908 1566 loco
931 1501 1101 1566 voluntate

58 1591 235 1656 1⁵benefiea
258 1589 480 1656 benivolentia
502 1595 663 1675 movetur,
691 1590 820 1655 etiamsi
846 1611 898 1655 res
925 1589 1011 1654 forte
1035 1610 1101 1654 non

92 1679 252 1763 suppetit3
282 1678 489 1743 vehementer
515 1683 625 1744 autem
653 1699 744 1744 amor
770 1678 989 1743 multitudinis
1017 1698 1102 1743 eom·

91 1771 242 1832 movetur
263 1766 338 1849 ipsa
354 1766 443 1831 fama
462 1769 495 1830 et
513 1767 666 1852 opinione
684 1767 903 1850 liberalitatis,
925 1767 1101 1832 beneficen-

90 1856 162 1937 tiae,
185 1854 343 1937 iustitiae,
366 1854 441 1918 fidei
464 1856 672 1938 omniumque
695 1875 806 1919 aarum
828 1854 996 1936 virtutum
1019 1875 1102 1937 quae

91 1943 258 2028 pertinent
290 1943 331 2006 ad
363 1943 643 2008 mansuetudinem
675 1962 802 2007 morum
834 1961 871 2006 ae
899 1938 1102 2006 facilitatem.

59 2029 222 2096 ananim
246 2029 330 2094 illud
352 2031 468 2115 ipsum,
492 2030 578 2114 quod
599 2031 773 2096 honestum
796 2029 1008 2112 decorumque
1027 2028 1103 2093 diei-

91 2141 176 2202 mus,
208 2118 288 2203 quia
318 2139 377 2203 per
410 2139 444 2183 se
474 2119 569 2184 nobie
599 2119 708 2203 planet
739 2117 928 2202 animosque
957 2116 1102 2182 omnium

90 2210 208 2273 natura
232 2209 266 2270 et
289 2207 394 2291 speeie
414 2227 472 2271 sua
495 2211 678 2272 commovet
694 2206 897 2290 maximeque
916 2206 1010 2289 quasi
1031 2227 1102 2291 per-

90 2296 176 2362 lucet
203 2316 245 2360 ex
272 2293 327 2377 iis,
360 2314 439 2378 quas
467 2294 731 2379 commemoravi,
761 2293 951 2376 virtutibus,
981 2293 1104 2360 ideireo

90 2384 174 2466 illos,
196 2383 236 2447 in
257 2382 376 2466 quibus
399 2403 454 2447 eas
471 2381 609 2447 virtutes
629 2401 835 2460 asseramur,
858 2385 1012 2446 anatum
1029 2382 1103 2466 ipsa

58 2470 227 2556 ”diligere
250 2470 405 2556 aogimur.
442 2469 551 2554 Atque
573 2471 635 2537 hae
658 2470 787 2554 quidem
809 2489 925 2535 eaesae
946 2468 1102 2555 diligendi

92 2558 485 2645 grauissimae;'possunt
512 2558 597 2624 enim
619 2561 789 2643 praeterea
810 2579 876 2622 non
898 2558 1008 2622 nullae
1031 2579 1102 2622 esse

91 2648 240 2713 leviores.
277 2645 372 2712 Fides
391 2651 499 2711 autem
518 2649 555 2711 ut
572 2646 741 2729 habeatur,
759 2645 884 2710 duabus
902 2647 999 2710 rebus
1019 2645 1103 2710 effici
1121 2660 1154 2710 33

91 2739 211 2820 potest,
232 2734 260 2798 ei
274 2733 533 2800 existimabimur
547 2734 657 2818 adepti
671 2733 874 2799 coniunctam
888 2753 961 2798 eum
978 2732 1104 2796 iustitia

91 2822 309 2908 prudentiam
352 2820 440 2888 Nam
467 2827 500 2888 et
526 2823 567 2887 iis
594 2823 691 2888 fidam
718 2820 889 2904 habemus,
919 2841 1000 2905 quos
1028 2821 1103 2905 plus

59 2912 284 2998 ”intellegere
311 2931 410 2995 quam
435 2931 496 2976 uos
524 2909 721 2976 arbitramur
753 2929 897 2993 quosque
929 2911 963 2973 et
992 2907 1104 2974 futura

92 3000 278 3085 prospicere
302 2999 460 3064 eredimus
486 3002 528 3082 et,
551 3020 624 3063 eum
646 3019 699 3062 res
723 3001 840 3083 agatur
862 2997 897 3060 in
920 2995 1103 3062 discrimen·

93 3109 151 3172 que
169 3091 309 3153 ventum
327 3087 380 3165 sit,
403 3086 553 3171 expedire
570 3107 640 3151 rem
658 3089 692 3150 et
710 3085 881 3150 consilium
900 3105 938 3148 ex
956 3088 1103 3167 tempore

94 3197 205 3261 repere
233 3196 345 3260 posseg
375 3175 458 3241 hana
485 3174 571 3239 enim
597 3174 712 3239 utilem
739 3173 886 3238 homines
914 3171 1103 3237 existimant

94 3284 267 3348 veramque
284 3263 500 3348 prudentiam.
535 3262 635 3326 Iustis
655 3265 763 3327 autem
787 3263 834 3342 [et
855 3259 942 3342 fidis]
965 3259 1103 3325 homini-

63 3351 161 3436 tbua
183 3352 220 3417 id
242 3354 294 3415 est
317 3351 411 3416 bonis
433 3351 523 3434 viris,
545 3350 593 3416 ita
617 3350 697 3415 fides
720 3347 867 3432 habetur,
890 3352 927 3413 ut
949 3348 1041 3413 nulla
1059 3349 1103 3413 sit

95 3438 187 3504 iniis
210 3438 337 3505 fraudis
349 3437 555 3522 'iniuriaeque
574 3438 723 3523 suspicio.
758 3436 874 3520 Itaque
892 3436 944 3500 his
963 3436 1102 3500 salutem

95 3531 249 3614 nostram,
271 3527 325 3593 his
347 3525 505 3611 fortunas,
526 3526 579 3591 his
602 3526 723 3591 liberor
744 3523 923 3589 rectissime
941 3521 1103 3588 committi

907 3623 944 3678 ⁶*
