2512 3932
166 128 210 194 22
558 125 775 183 unorrrcus

166 289 245 354 tudo
264 311 359 354 usum
378 310 505 374 quoque
523 289 849 373 exercitationemque
864 288 1034 356 desiderat.
1063 291 1175 376 Atque

167 379 208 442 ab
235 377 276 442 iis
304 378 414 461 rebus,
443 399 524 461 quae
552 382 628 442 sunt
654 378 689 441 in
715 378 784 442 iure
813 377 976 443 societatis
1001 377 1175 463 humanae,

167 485 262 548 quem
290 465 331 530 ad
359 465 488 532 modum
517 465 652 532 ducatur
679 465 866 550 honestum,
898 487 937 532 ex
965 487 1029 551 quo
1056 472 1174 552 aptum

168 556 217 617 est
241 553 395 638 officium,
419 555 500 620 satis
523 553 590 619 fere
613 552 760 620 diximus.
876 624 878 629 ,
1017 568 1019 571 ’

115 674 146 724 cr
232 657 492 745 Intellegendum
515 663 624 724 autem
652 663 717 741 est,
741 680 813 725 cum
836 661 1006 746 proposita
1029 661 1098 726 sint
1122 683 1175 748 gc
1204 680 1217 721 5

166 767 245 812 nera
263 750 427 832 quattuor,
446 770 463 812 e
482 748 599 831 quibus
617 748 771 812 honestas
791 745 995 832 officiumque
1014 756 1175 835 manaret,

167 834 465 920 splendidissimum
492 835 608 917 videri,
637 835 723 918 quod
745 836 853 900 animo
877 857 996 922 magno
1020 838 1175 924 elatoque

166 923 388 1007 humanasque
420 945 471 988 res
505 923 701 1008 despiciente
731 923 855 990 factum
888 925 939 989 sit.
990 924 1109 1010 Itaque
1141 928 1176 992 in
1242 983 1243 986 ,

165 1010 295 1163 pqqpsrtis
326 1011 465 1077 maxime
494 1010 529 1076 in
558 1016 715 1098 promptu
747 1017 809 1096 est,
842 1012 871 1078 si
903 1013 979 1097 quid
1010 1015 1079 1080 tale
1112 1015 1175 1081 dici
1190 1124 1216 1162 m

165 1119 294 1268 p‘Vds
324 1204 436 1290 enim,
467 1205 640 1288 iuvenes,
667 1205 831 1271 a'nimum
864 1206 1005 1291 geritis
1039 1209 1175 1274 mulie·
1242 1235 1243 1246 ²

562 1294 680 1378 brem,
703 1291 791 1358 illa'
814 1294 908 1380 virgo
932 1293 1040 1359 ‘uiri'

166 1401 199 1462 et
223 1396 251 1463 si
274 1399 350 1484 quid
374 1399 566 1465 eiusmodi:

211 1491 445 1579 Salmacida,
470 1496 597 1580 spolia
620 1494 703 1562 sine
726 1497 865 1563 sudore
889 1500 927 1584 et
949 1497 1148 1584 sanguine.

167 1589 351 1676 Contraque
373 1593 409 1656 in
429 1591 594 1676 laudibus,
618 1613 699 1676 quae
718 1614 837 1680 magno
857 1593 964 1659 animo
989 1598 1022 1658 et
1040 1594 1175 1662 fortiter
1242 1623 1243 1664 1

167 1679 424 1764 excellenterque
447 1684 542 1766 gesta
565 1684 654 1764 sunt,
677 1701 716 1744 ea
737 1682 846 1748 nescio
870 1704 934 1766 quo
957 1682 1054 1748 modo
1079 1685 1175 1769 quasi
1189 1702 1213 1742 1⁵
1242 1705 1243 1718 ³

166 1766 311 1850 pleniore
343 1763 398 1840 ore
429 1767 608 1834 laudamus.
661 1765 746 1834 Hinc
778 1769 945 1836 rhetorum
972 1792 1106 1856 campus
1136 1774 1175 1838 de

166 1853 373 1938 Marathone,
392 1853 569 1938 Salamine,
586 1855 742 1940 PlataeiS,
756 1855 998 1943 Thermopylis,
1016 1857 1175 1945 Leuctris,

165 1943 237 2010 aine
258 1948 370 2012 noster
392 1941 519 2027 Cocles,
541 1944 617 2012 hinc
640 1943 744 2028 Decii,
766 1945 842 2010 hinc
865 1943 923 2012 Cn.
941 1950 974 2011 et
996 1943 1031 2010 Ρ.
1051 1945 1175 2033 Scipio·

165 2053 236 2115 nes,
258 2033 334 2098 hinc
348 2031 390 2096 M.
404 2031 590 2114 Marcellus,
607 2033 858 2106 innumerabiles
877 2033 946 2117 alii,
969 2034 1174 2120 maximeque

165 2120 236 2202 ipse
266 2120 407 2206 populus
439 2119 605 2188 Romanus
642 2121 742 2186 animi
779 2122 1001 2208 magnitudine
1033 2125 1173 2190 excellit.
1187 2143 1210 2182 2⁰
1242 2131 1243 2134 ’

165 2205 359 2273 Declaratur
382 2211 491 2272 autem
514 2208 658 2274 studium
682 2209 816 2276 bellicae
836 2210 973 2296 gloriae,
998 2212 1084 2296 quod
1108 2217 1174 2279 sta·

167 2299 241 2360 tuas
265 2316 391 2380 quoque
414 2294 561 2361 videmus
583 2301 701 2364 ornatu
723 2296 790 2362 fere
813 2299 958 2364 militari.

115 2379 155 2442 19
231 2397 295 2465 Sed
318 2421 356 2464 ea
379 2399 479 2464 animi
501 2401 613 2484 elatio,
636 2423 718 2484 quae
740 2403 882 2468 cernitur
904 2403 939 2468 in
961 2405 1116 2489 periculis
1140 2411 1174 2471 et

113 2456 145 2506 ⁶²
165 2488 349 2570 laboribus,
371 2488 400 2552 si
422 2488 550 2554 iustitia
571 2492 668 2554 vacat
685 2495 874 2576 pugnatque
896 2512 962 2556 non
979 2514 1039 2576 pro
1063 2495 1172 2559 salute
1242 2515 1243 2584 }

164 2576 341 2659 communi,
367 2575 425 2642 scd
451 2598 511 2662 pro
539 2577 605 2642 suis
629 2579 820 2662 commodis,
846 2579 881 2644 in
902 2580 983 2644 vitio
1007 2583 1073 2665 est;
1106 2597 1209 2648 nonu
1242 2591 1243 2598 ’

152 2664 261 2732 modo
285 2665 370 2730 enim
393 2664 426 2730 id
448 2664 580 2734 virtutis
602 2671 754 2750 nonest,
781 2667 838 2732 scd
865 2671 915 2732 est
937 2669 1046 2751 potius
1069 2669 1174 2736 inma-

163 2753 277 2819 nitatis
302 2775 430 2819 omnem
448 2753 685 2820 humanitatem
703 2755 899 2840 repellentis.
934 2754 1050 2840 Itaque
1067 2760 1173 2841 probe

165 2842 316 2908 definitur
344 2865 363 2907 a
386 2839 503 2909 Stoicis
530 2842 702 2926 fortitudo,
730 2865 803 2908 cum
827 2865 898 2908 eam
920 2844 1077 2910 virtutem
1100 2867 1173 2912 esse

165 2928 276 2994 dicunt
289 2933 550 3016 propugnantem
563 2952 623 3014 pro
639 2932 811 3014 aequitate.
830 2931 987 3006 Quocirca
999 2955 1105 3016 nemo,
1116 2935 1173 3018 qui

164 3017 367 3084 fortitudinis
386 3018 526 3105 gloriam
544 3023 735 3086 consecutus
759 3022 810 3084 est
828 3019 954 3087 insidiis
977 3024 1011 3086 et
1033 3021 1171 3105 malitia,
1185 3037 1209 3078 ³⁰

164 3106 294 3176 laudem
316 3110 367 3172 est
390 3106 539 3191 adeptum
562 3106 644 3172 nihil
663 3108 750 3172 enim
768 3106 943 3173 honestum
961 3129 1033 3176 esse
1049 3113 1171 3194 potest,

113 3209 146 3259 aa
166 3195 253 3345 qlqod
272 3194 402 3308 ,iustitiq
423 3199 531 3346 vacati
561 3192 769 3297 Praeclarum
791 3196 893 3282 igitur
910 3197 1170 3350 muiPlamis:

166 3286 801 3458 a⁰32rrnlllclllnifflsslllr
822 3306 1170 3461 atterunt:

166 3461 225 3525 est
253 3457 500 3543 appellanda,
527 3481 657 3527 verum
685 3461 802 3528 etiam
830 3461 978 3526 animus
1010 3467 1207 3548 perclusa
