2570 3944
420 173 631 230 PfflLOSOPH.
650 173 679 229 1.
698 174 724 229 v
743 181 855 230 11-32.
1075 173 1141 239 315

200 338 253 402 21.
272 335 396 402 Nonius
408 357 442 418 p.
460 339 527 402 297
534 356 578 418 so.
596 337 644 402 Μ
660 335 782 402 Petilius
799 337 835 400 in
848 335 1032 402 Hortensio:
1050 357 1140 421 prae-

133 429 185 490 ter
209 428 333 490 ceteros
355 424 441 490 hunc
463 428 578 489 nostra
600 425 718 489 extulit
739 424 863 489 civitas.

200 513 253 578 22.
281 512 364 578 Non.
387 534 421 595 p.
448 517 513 578 337
520 533 563 594 sq.
591 513 638 577 Μ.
668 513 790 578 Tulliam
816 547 860 561 -
891 513 927 576 in
958 511 1141 577 Hortensio:

102 679 105 687 Ι
133 601 220 666 hunc
242 597 410 682 Crassum,
439 600 494 684 qni
516 600 650 684 lentius,
677 603 714 664 ut
742 600 846 684 scitis,
874 599 978 665 dicere
1006 599 1142 682 solebat,

105 689 176 754 ⁵ad
198 688 416 753 imitationem
439 688 532 771 quasi
554 689 659 753 nostri
682 688 809 773 generis
833 687 1045 753 contendisse.

201 777 253 843 23.
277 776 358 842 Non.
380 797 413 858 p.
436 781 507 842 521.
530 781 572 842 18
594 781 623 841 et
643 781 715 842 386.
737 781 758 842 9
780 776 828 843 Μ.
853 776 976 842 Tollius
1001 777 1038 840 ic
1059 775 1143 841 Hor·

136 867 248 932 ansa:
271 862 318 930 Ut
339 865 373 948 ii,
396 864 452 948 qui
474 863 604 930 conbibi
626 885 804 950 purpuram
826 864 955 948 volunt,
978 863 1143 929 sufficiunt

135 953 226 1038 prins
250 953 360 1018 lanam
378 952 620 1017 medicamentis
643 952 844 1037 quibusdam,
867 953 914 1017 sic
932 952 1053 1016 litteris
1071 952 1143 1016 tali-

136 1042 261 1126 busque
283 1041 439 1107 doctrinis
462 1045 537 1106 ante
560 1041 664 1106 excoli
686 1041 811 1106 animos
835 1044 867 1105 et
890 1040 931 1106 ad
949 1039 1143 1126 sapientiam

94 1147 122 1187 ιο
137 1129 380 1214 concipiendam
401 1127 494 1193 inbni
516 1132 549 1193 et
570 1130 759 1214 praeparari
781 1129 881 1194 decet.

69 1283 74 1293 s
202 1218 254 1283 24.
284 1217 367 1282 Non.
387 1238 421 1298 p.
448 1218 601 1302 39511,
628 1221 699 1282 161.
726 1222 760 1295 8,
787 1216 878 1282 schol.
905 1217 991 1300 Verp.
1019 1216 1058 1284 G.
1080 1218 1144 1290 11

136 1311 213 1372 mus.
231 1304 329 1372 Rho.
347 1304 438 1371 XVI
451 1309 516 1370 443
534 1304 581 1371 Μ.
602 1305 725 1370 Tollius
741 1306 777 1370 lo
794 1304 975 1370 Hortensio:
997 1310 1035 1370 ut
1057 1306 1144 1370 enim

137 1397 263 1479 segetes
288 1393 449 1479 agricolae
473 1392 629 1478 subigunt
643 1393 770 1458 aratris
794 1393 898 1458 multo
927 1397 1016 1478 ante,
1046 1415 1144 1477 quam

140 1485 259 1547 serant.

96 1586 124 1627 is
205 1569 256 1635 25.
283 1568 365 1634 Non.
387 1572 513 1651 12:315.
535 1573 590 1651 27,
616 1573 689 1636 241.
711 1573 763 1648 12,
789 1574 925 1635 34316
949 1570 997 1635 Μ.
1022 1570 1145 1636 Tullius

136 1659 173 1722 in
199 1657 382 1723 Hortensio:
414 1654 497 1732 Quid
529 1657 615 1722 enim
647 1662 703 1722 aut
733 1656 898 1723 Herodoto
932 1657 1055 1723 dulcius
1088 1662 1145 1723 aut

138 1744 323 1829 Thucydide
338 1745 471 1831 gravius
485 1749 542 1809 aut
556 1745 695 1810 Philisto
713 1746 843 1809 brevius
864 1748 920 1810 aut
934 1745 1144 1832 Theopompo

139 1834 245 1899 corius
270 1837 326 1898 eut
348 1832 482 1917 Ephoro
506 1832 617 1898 mitius
639 1833 779 1897 inveniri
800 1834 933 1917 potest?

204 1921 256 1986 26.
280 1921 362 1986 Non.
377 1942 413 2002 p.
430 1923 504 1986 275.
521 1925 562 1986 31
580 1920 627 1986 Μ
648 1921 770 1986 Tollius
791 1923 827 1985 in
843 1920 1028 1986 Hortensio:
1051 1920 1145 1987 Unde

98 2025 125 2066 2⁰
139 2012 248 2074 autem
266 2007 394 2074 facilius
408 2030 511 2093 quam
531 2031 569 2072 ex
584 2009 748 2073 annalium
768 2008 986 2073 monumentis
1004 2013 1061 2073 aut
1079 2009 1145 2074 bel-

139 2097 220 2163 licae
247 2117 299 2161 res
327 2101 383 2162 aut
409 2097 515 2162 omnis
542 2096 590 2161 rei
617 2096 692 2182 pub.
721 2096 890 2181 disciplina
917 2097 1145 2182 cognoscitur?

205 2186 257 2250 27.
281 2183 362 2250 Non.
378 2206 414 2266 p.
434 2187 503 2250 315.
520 2189 563 2251 21
580 2185 629 2252 Μ
649 2185 772 2251 Tullios
793 2186 829 2250 in
845 2185 1029 2250 Hortensio:
1052 2183 1145 2251 Unde

16 2291 20 2296 ·
140 2276 197 2338 aut
216 2273 257 2337 ad
275 2272 436 2357 agendum
456 2277 512 2338 aut
532 2273 571 2337 ad
591 2272 758 2338 dicendum
775 2273 869 2358 'copia
883 2273 1028 2358 depromi
1043 2274 1146 2338 maior

140 2359 408 2447 gravissimorum
427 2361 647 2445 exemplorum
666 2361 759 2444 quasi
776 2361 1038 2445 incorruptorum
1056 2362 1146 2426 testi-

100 2464 126 2505 15
140 2447 334 2514 moniorum.
345 2449 476 2533 potest?

206 2538 258 2601 28.
281 2537 363 2602 Non.
380 2557 414 2619 p.
432 2541 481 2602 39.
500 2540 543 2602 26
561 2536 609 2602 Μ.
630 2536 752 2602 Tullius
773 2537 810 2600 in
826 2536 1010 2604 Hortensio:
1033 2535 1146 2623 Perge,

140 2623 1040 2795 29931122221228...)1
1073 2711 1134 2777 oz

252 2762 259 2775 .
322 2733 370 2778 on.
392 2734 426 2795 p.
520 2761 527 2776 .
651 2761 658 2775 .
746 2761 753 2774 .
946 2760 952 2775 .
1037 2761 1044 2774 .
1099 2734 1145 2777 a·

141 2801 202 2866 lius
227 2802 264 2865 in
289 2800 473 2866 Hortensio:
500 2819 620 2884 magna
647 2800 747 2864 etiam
775 2798 875 2864 animi
902 2798 1066 2865 contentio
1095 2799 1147 2864 ad·

101 2903 128 2946 ⁸⁰
140 2887 282 2954 hibenda
304 2890 355 2952 est
376 2889 412 2952 in
433 2886 624 2973 explicando
648 2887 842 2970 Aristotele,
865 2887 894 2951 si
916 2887 1015 2973 leges.

207 2976 259 3041 30.
282 2976 364 3042 Non.
381 2996 415 3058 p.
438 2980 487 3041 81.
510 2979 556 3042 28
576 2976 624 3041 Μ
645 2975 768 3040 Tulliae
788 2976 825 3040 in
842 2975 1026 3041 Hortensio:
1049 2995 1083 3040 se
1106 2975 1147 3040 ad

141 3068 319 3128 extremum
334 3064 506 3149 pollicetur
520 3063 733 3148 prolaturum,
746 3062 770 3146 †
785 3085 867 3147 quae
882 3085 916 3128 se
927 3063 1003 3148 ipsa
1016 3068 1147 3146 comest,

141 3153 228 3236 quod
250 3152 351 3218 efficit
374 3151 616 3217 dialecticorum
638 3151 732 3216 ratio.
1062 3231 1064 3236 Α

207 3241 259 3306 31.
283 3241 365 3306 Noe.
381 3261 416 3321 p.
438 3245 511 3306 383.
533 3243 576 3305 21
599 3245 628 3304 et
647 3242 721 3305 329.
743 3241 763 3304 5
785 3239 833 3305 Μ
858 3238 981 3304 Tollius
1007 3239 1043 3303 in
1064 3239 1117 3304 Hr

101 3342 127 3383 ³⁵
141 3330 253 3394 mesic:
276 3326 403 3404 Quaero
427 3328 521 3410 enim,
543 3347 610 3391 non
633 3327 750 3411 quibus
773 3325 939 3391 intendam
962 3326 1058 3392 rebus
1082 3350 1087 3391 a

140 3437 243 3499 mom,
266 3415 323 3481 sed
346 3415 463 3500 quibus
487 3415 630 3480 relaxem
652 3437 690 3479 ac
712 3415 886 3479 remittam.

207 3504 260 3569 32.
287 3504 428 3570 Laetam.
457 3504 525 3569 inst.
552 3504 613 3568 div.
639 3503 707 3566 ΙΙΙ
730 3508 777 3582 16.
804 3507 848 3569 12
874 3502 1038 3570 Praeterea
1069 3503 1086 3568 el
