2578 3950
171 192 233 256 178
469 187 623 250 LAELIUS
641 187 690 242 DE
709 185 874 242 AMICITIA

115 371 150 420 45
170 354 198 418 si
220 374 273 418 res
295 351 487 437 postulabit,
510 354 543 416 et
562 349 727 415 adhibitae
745 350 907 433 pareatur.
943 345 1028 412 Nam
1049 348 1180 431 quibus-

170 442 256 524 dam,
286 461 366 524 quos
395 439 490 506 audio
519 437 681 523 sapientes
708 436 840 502 habitos
867 435 904 501 in
930 433 1081 516 Graecia,
1113 437 1180 521 pla·

169 530 273 594 cuisse
297 528 413 613 opinor
435 526 599 593 mirabilia
623 525 780 610 quaedam
802 524 873 607 (scd
894 523 978 588 nihil
1002 528 1066 607 est,
1095 524 1181 608 quod

168 618 306 682 illinon
329 619 565 701 persequantur
588 611 755 699 argutiis):
778 612 900 697 partim
917 611 1092 697 fugiendas
1111 633 1181 677 esse

168 704 287 771 nimias
310 705 480 788 amicitias,
502 724 542 769 ne
565 722 696 767 necesse
720 701 764 764 sit
785 721 885 765 unum
908 699 1087 766 sollicitum
1111 721 1181 766 esse
1206 716 1218 757 ⁵

169 815 229 878 pro
252 791 414 878 pluribus3
441 791 522 858 satis
547 809 705 876 superque
729 809 798 854 esse
822 787 885 853 sibi
909 809 1041 855 suarum
1066 788 1182 872 cuique

169 902 292 964 rerum,
319 880 433 945 alienis
460 879 557 945 nimis
585 877 747 963 implicari
775 877 949 942 molestum
977 897 1063 960 esse3
1098 897 1183 942 com·

170 967 393 1034 modissimum
426 987 496 1032 esse
529 989 626 1052 quam
658 965 841 1030 laxissimas
877 965 1022 1030 habenas
1059 964 1183 1030 habere

171 1056 345 1137 amicitiae,
369 1076 449 1139 quas
471 1056 524 1121 v‘eI
548 1055 701 1136 adducas,
724 1074 797 1119 cum
819 1051 914 1134 velis,
940 1052 992 1118 rel
1016 1053 1184 1136 remittas,

170 1147 268 1229 caput
291 1144 376 1208 enim
400 1163 470 1208 esse
493 1143 533 1208 ad
559 1143 651 1207 beate
673 1140 847 1207 vivendum
870 1140 1094 1224 securitatem,
1119 1163 1184 1226 qua
1197 1159 1218 1197 1⁰

170 1232 234 1296 frui
261 1253 327 1297 non
354 1232 459 1317 possit
488 1231 628 1314 animus,
656 1230 684 1294 si
712 1234 879 1313 tamquam
906 1228 1071 1313 parturiat
1100 1251 1184 1294 nnus

116 1337 151 1386 46
170 1342 229 1406 pro
253 1321 411 1406 pluribus.
455 1320 550 1384 Alios
574 1322 683 1384 autem
706 1317 810 1383 dicere
833 1317 924 1383 aiunt
952 1316 1057 1381 multo
1082 1318 1184 1382 etiam
1259 1399 1260 1402 Ἴ

170 1409 377 1475 inhumanius
414 1405 524 1492 (quem
556 1408 663 1472 locum
695 1405 838 1471 breuiter
872 1405 970 1490 paulo
1003 1409 1081 1469 ante
1112 1428 1184 1490 per·
1259 1409 1260 1442 l

171 1496 302 1582 strinxi)
325 1496 478 1582 praesidii
501 1495 742 1578 adiumentique
766 1514 876 1573 causa,
902 1513 967 1558 non
995 1492 1184 1558 benivolen-

170 1586 236 1649 tiae
254 1605 358 1668 nequc
381 1583 528 1649 caritatis
552 1582 712 1647 amicitias
737 1603 806 1646 esse
830 1580 1038 1665 expetendam
1060 1581 1184 1666 itaque,
1198 1598 1219 1638 1⁵

170 1672 366 1755 utquisque
394 1671 563 1735 minimum
590 1670 756 1735 firmitatis
783 1667 919 1733 haberet
945 1669 1184 1753 minimumque

171 1759 301 1841 virium,
332 1759 380 1823 ita
409 1758 568 1824 amIcitias
597 1758 748 1843 adpetere
776 1757 928 1839 maxim03
961 1777 998 1820 ex
1031 1778 1069 1822 eo
1103 1757 1185 1835 fieri,

171 1851 207 1912 ut
230 1847 438 1913 mulierculae
461 1847 566 1933 magis
590 1846 806 1912 amicitiarum
833 1843 994 1930 praesidia
1021 1849 1184 1929 quaerant

172 1959 269 2021 quam
286 1937 349 2002 viri
368 1940 401 2001 et
419 1936 531 2021 inopes
551 1957 648 2020 quam
666 1934 811 2018 opulenti
830 1935 863 1998 et
881 1932 1065 1998 calamitosi
1085 1955 1183 2017 quam

117 2041 151 2090 47
170 2025 203 2106 ii,
218 2026 273 2109 qui
287 2027 443 2110 putentur
456 2023 552 2089 beati,
580 2023 607 2087 0
621 2023 821 2107 praeclaram
836 2021 1042 2106 sapientiam!
1072 2018 1182 2086 Solem
1196 2037 1220 2076 2⁰

171 2113 257 2177 enim
280 2134 297 2176 e
320 2111 439 2176 mundo
462 2111 578 2176 tollere
602 2111 764 2186 videntur,
792 2110 847 2193 qui
870 2109 1048 2174 amicitiam
1071 2131 1090 2173 e
1114 2111 1184 2174 vitu

170 2200 301 2282 tollunt,
324 2220 388 2281 qua
409 2198 492 2262 nihil
517 2221 536 2263 a
559 2197 608 2261 dis
631 2198 860 2262 inmortalibus
878 2197 994 2261 melius
1012 2197 1183 2276 habemus,

170 2286 253 2351 nihil
272 2285 450 2351 iucundius.
486 2284 574 2361 Quae
593 2289 643 2350 est
662 2287 748 2351 enim
765 2286 830 2351 ista
849 2283 1029 2350 securitas?
1067 2283 1183 2369 Specie

172 2375 300 2459 quidem
328 2373 461 2452 blanda,
494 2373 550 2438 sed
576 2395 691 2459 reapse
718 2374 832 2439 multis
860 2373 939 2438 Iocis
972 2372 1182 2457 repudianda.

170 2463 285 2547 Neque
312 2462 397 2526 enim
425 2464 475 2526 est
502 2467 752 2527 consentaneum
779 2462 881 2526 ullam
908 2460 1081 2526 honestam
1111 2484 1182 2527 rem
1195 2476 1218 2517 ²⁵

172 2551 453 2634 actionemve,ne
482 2551 642 2616 sollicitus
670 2551 728 2634 sis,
756 2553 813 2614 aut
839 2571 905 2614 non
932 2549 1097 2634 suscipere
1125 2554 1182 2616 aut

172 2643 356 2724 susceptam
383 2638 550 2723 deponere.
595 2636 717 2713 Quodsi
745 2660 856 2703 curam
884 2636 1042 2724 fugimus,
1073 2636 1182 2703 virtus
1258 2703 1259 2722 ,

170 2727 325 2815 fugienda
352 2730 414 2808 est,
442 2748 524 2811 quae
551 2747 681 2791 necesse
708 2730 758 2790 est
786 2747 858 2795 cum
886 2726 995 2811 aliqua
1022 2747 1102 2790 cura
1129 2747 1180 2790 res
1258 2755 1259 2802 i

173 2818 235 2882 sibi
268 2815 447 2881 contrarias
480 2818 670 2900 aspernetur
701 2818 799 2898 atque
832 2813 949 2896 oderit,
980 2817 1017 2878 ut
1049 2813 1181 2880 bonitas

172 2903 341 2984 malitiam,
364 2902 580 2987 temperantia
602 2901 794 2986 lubidinem,
816 2902 981 2989 ignaviam
1003 2901 1182 2985 fortitud03
1195 2917 1219 2957 ³⁰
1258 2907 1259 2982 l

171 2993 281 3075 itaque
303 2989 414 3054 videas
437 2991 532 3055 rebus
555 2989 684 3054 iniustis
707 2991 811 3056 iustos
835 2990 973 3055 maxime
991 2988 1113 3072 dolere,
1136 2991 1181 3054 in·

172 3079 312 3145 beIIib'us
338 3077 456 3160 fortes,
484 3078 656 3164 flagitiosis
684 3072 856 3144 modestos.
902 3077 991 3164 Ergo
1018 3077 1081 3142 hoc
1106 3099 1181 3162 pro·

171 3168 278 3252 prium
296 3170 347 3230 est
366 3165 465 3231 animi
484 3166 564 3232 bene
583 3165 763 3250 constituti,
784 3171 816 3231 et
835 3165 950 3231 laetari
969 3165 1063 3231 bonis
1082 3167 1180 3231 rebus

117 3270 152 3320 48
172 3259 205 3318 et
228 3254 336 3318 dolere
362 3255 542 3320 contrariis.
585 3254 691 3331 ‘Quam
719 3255 761 3319 ob
790 3275 870 3338 rem,
899 3255 926 3318 si
954 3252 1040 3342 cadit
1067 3254 1104 3318 in
1133 3276 1180 3318 sa·

171 3342 313 3425 piantem
337 3342 436 3404 animi
459 3342 565 3420 dolor,
589 3343 644 3427 qui
666 3342 812 3426 profecto
837 3341 937 3426 cadit,
960 3341 1024 3406 nisi
1047 3363 1087 3406 ex
1112 3343 1178 3406 eius
1194 3353 1219 3398 ³⁵

172 3426 279 3493 animo
299 3428 493 3510 extirpatum
508 3429 744 3494 humanitatem
762 3431 967 3515 arbitramur,
986 3451 1067 3514 quae
1082 3450 1180 3495 causa

172 3517 230 3597 est,
249 3533 305 3580 cur
324 3511 500 3578 amicitiam
518 3515 663 3582 funditus
682 3518 837 3584 tollamus
857 3541 874 3584 e
893 3519 970 3602 vita,
991 3539 1031 3582 ne
1051 3517 1179 3602 aliquas
