2504 3950
132 178 193 243 ,τε
544 171 764 228 nuorrrcus

152 340 226 406 simi
256 359 324 404 non
355 336 510 421 probant,
538 339 574 400 ut
606 338 640 400 et
665 333 720 399 bio
746 333 818 418 ipse
844 333 1034 417 Panaetius,
1067 355 1167 418 quern

151 429 292 494 multum
313 426 348 492 in
370 424 422 493 his
445 423 539 488 libris
563 426 692 489 secutus
716 444 802 506 sum,
828 444 895 487 non
917 422 1167 508 interpretatus,
1244 501 1245 510 ἵ

151 521 185 582 et
197 515 375 582 Phalereus
389 511 585 595 Demetrius,
608 511 663 595 qni
676 510 844 594 Periclem,
865 510 1047 595 principem
1066 509 1167 576 Grae·

151 605 234 688 ciae,
260 604 439 687 vituperat,
471 600 557 685 quod
583 603 711 666 tantam
737 598 907 683 pecuniam
933 598 968 663 in
994 599 1168 682 praeclara

150 694 211 758 illa
233 691 412 778 propylaea
432 687 614 754 coniecerit.
660 685 722 752 Sed
746 687 785 751 de
807 687 870 752 hoc
893 708 1010 772 genere
1033 691 1108 754 toto
1130 689 1167 752 in
1193 707 1205 746 c

150 781 191 847 iis
220 780 327 862 libris,
353 797 435 863 quos
462 778 502 841 de
529 798 564 840 re
591 775 723 861 publica
749 775 878 860 scripsi,
911 775 1087 860 diligenter
1115 781 1167 841 est

152 871 362 954 disputatum.
399 865 484 930 Tota
505 863 609 950 igitur
630 864 715 928 ratio
737 863 854 928 talium
878 863 1094 948 largitionum
1113 886 1166 951 ge·

150 979 228 1024 nere
250 955 371 1021 vitiosa
393 957 452 1036 est,
474 952 677 1036 temporibus
699 951 949 1034 necessariaset
965 955 1037 1017 tum
1055 953 1166 1038 ipsum

152 1049 185 1110 et
208 1043 249 1108 ad
271 1042 446 1108 facultates
470 1039 742 1108 accommodanda
764 1043 798 1106 et
816 1040 1039 1106 mediocritate
1058 1042 1166 1107 mode·
1246 1077 1247 1114 r

152 1132 254 1198 rande
277 1135 336 1196 est.
1181 1149 1205 1188 ro

99 1190 141 1316 ff
219 1219 259 1284 Iu
281 1219 340 1284 illo
359 1221 470 1284 autem
488 1219 593 1284 altero
613 1238 730 1304 genere
748 1216 919 1302 largiendi,
942 1217 1029 1301 quod
1049 1239 1070 1282 a
1087 1218 1166 1283 libe·

153 1308 285 1374 ralitate
298 1307 525 1393 proficiscitur,
540 1328 607 1373 non
619 1327 684 1372 uno
699 1305 795 1370 modo
809 1307 844 1369 in
858 1304 1042 1390 disparibus
1059 1307 1166 1372 causis

153 1397 272 1465 adfecti
295 1417 365 1466 esse
388 1396 551 1463 debemus.
596 1392 674 1458 Alia
696 1414 794 1458 causa
817 1397 868 1458 est
890 1393 974 1476 eius,
1000 1394 1059 1477 qui
1082 1395 1166 1460 cala-

153 1486 269 1552 mitate
287 1483 456 1569 premitur,
473 1486 507 1547 et
525 1483 603 1560 eius,
622 1481 743 1566 quires
757 1481 908 1546 meliores
923 1482 1051 1566 quaerit
1064 1483 1166 1548 nullis

100 1591 134 1640 62
154 1575 221 1640 suis
244 1573 341 1638 rebus
365 1571 518 1636 adversis.
553 1569 750 1654 Propensior
772 1569 958 1656 benignitas
982 1591 1053 1634 esse
1073 1571 1167 1636 deba
1181 1589 1205 1630 1⁵

152 1663 203 1728 bit
225 1661 261 1725 in
283 1659 505 1740 calamitosos,
531 1657 596 1724 nisi
623 1658 708 1723 forte
736 1663 831 1724 erunt
854 1658 944 1742 digni
967 1659 1167 1725 calamitate.
1248 1664 1249 1728 l

152 1750 192 1814 In
214 1749 255 1814 iis
278 1752 399 1831 tamen,
421 1747 476 1831 qui
499 1767 534 1810 se
558 1745 703 1812 adiuvari
722 1747 843 1828 voleuq
865 1767 931 1810 non
948 1767 989 1810 ne
1004 1747 1167 1834 adfligan-
1248 1801 1249 1806 ,

152 1843 221 1920 tur,
244 1836 300 1902 sed
323 1840 360 1900 ut
383 1835 534 1900 altiorem
557 1835 694 1920 gradum
718 1834 908 1916 ascendant,
929 1835 1076 1900 restricti
1100 1857 1167 1902 om-

152 1927 231 1992 nino
249 1946 320 1990 esse
338 1924 430 1990 nullo
453 1923 549 1990 modo
573 1923 736 2005 debemus,
759 1923 814 1987 sed
837 1923 873 1988 in
895 1923 1076 2009 deligendis
1099 1924 1167 1990 ido
1249 1958 1250 2030 p

154 2014 395 2168 nEeisiudiciur'n
419 2015 453 2078 et
475 2011 679 2096 diligentiam
698 2011 861 2076 adbibere.
893 2009 980 2076 Nam
997 2015 1166 2097 praeclare
1181 2031 1207 2071 a
1249 2041 1250 2046 κ

182 2123 293 2168 nurus:

197 2189 302 2254 Bene
327 2187 433 2254 facta
456 2188 555 2252 male
578 2187 711 2252 locuta
733 2189 833 2254 male
855 2187 961 2254 faeta
983 2188 1167 2256 arbitror.

101 2293 135 2343 63
155 2277 247 2352 Quod
270 2279 380 2364 autem
402 2274 563 2341 tributum
586 2278 637 2340 est
659 2275 745 2340 bono
768 2276 839 2342 viro
867 2281 901 2341 et
927 2279 1037 2362 grato,
1063 2278 1099 2342 in
1128 2300 1167 2344 eo

154 2388 227 2432 cum
250 2387 289 2430 ex
311 2364 385 2448 ipso
402 2361 527 2428 fructus
546 2366 605 2440 est,
627 2367 700 2430 tum
717 2364 818 2429 etiam
836 2385 875 2428 err
892 2365 1017 2430 ceteris.
1053 2364 1168 2431 Teme-

153 2455 253 2520 ritate
280 2453 367 2516 enim
393 2454 521 2516 remota
547 2451 737 2536 gratissima
763 2456 814 2516 est
837 2452 1032 2536 liberalitas,
1062 2475 1167 2539 eoque
1180 2471 1208 2511 ²⁵

155 2563 228 2606 eam
246 2539 423 2605 studiosius
441 2539 588 2624 plerique
606 2539 751 2624 laudant,
770 2541 856 2624 quod
874 2541 992 2606 summi
1010 2541 1167 2626 cuiusque

153 2629 284 2695 bonitas
299 2649 468 2695 commuue
481 2626 666 2713 perfugium
680 2632 731 2692 est
744 2628 897 2694 omnium.
928 2627 1046 2694 Danda
1062 2630 1168 2716 igitur

155 2740 255 2804 opera
277 2722 338 2801 est,
359 2721 396 2782 ut
418 2716 459 2780 iis
481 2716 645 2782 beneficiis
668 2739 767 2801 quam
788 2717 948 2802 plurimos
968 2717 1167 2804 adiiciamus,

156 2828 293 2892 quorum
315 2804 472 2872 memoria
494 2803 606 2870 liberis
629 2805 833 2890 posterisque
859 2805 1030 2890 prodatur,
1059 2811 1098 2871 ut
1124 2808 1167 2872 iis

154 2895 295 2980 ingratis
327 2915 397 2960 esse
428 2914 496 2958 non
525 2892 632 2958 liceat.
683 2892 802 2958 Omnes
835 2894 921 2959 enim
952 2895 1166 2960 inmemorem
1182 2912 1208 2953 ω

155 2981 303 3047 beneficii
326 2981 463 3047 oderunt
485 3001 620 3064 eamque
642 2981 794 3046 iniuriam
816 2982 852 3046 iu
873 2981 1065 3048 deterrenda
1087 2982 1168 3049 libe-

154 3071 287 3136 ralitate
306 3070 370 3136 sibi
388 3069 487 3134 etiam
504 3068 576 3132 fieri
594 3090 740 3153 eumque,
757 3069 813 3153 qui
830 3068 940 3148 faciat,
963 3092 1168 3136 communem

154 3159 284 3225 hostem
297 3158 482 3226 tenuiorum
495 3160 620 3242 putant.
648 3156 758 3241 Atque
771 3157 851 3224 haec
865 3158 1051 3244 benignitas
1065 3160 1168 3224 etiam

154 3247 202 3312 rei
225 3248 374 3331 publicae
397 3249 448 3311 est
465 3245 566 3323 utilis,
588 3245 704 3310 redimi
721 3267 739 3310 e
758 3246 916 3311 servitute
933 3250 1058 3332 captos,
1079 3249 1167 3314 locu·

153 3335 275 3421 pletari
296 3335 475 3417 tenuiorem
498 3333 583 3418 quod
607 3333 735 3418 quidem
758 3335 857 3421 volgo
882 3335 1015 3400 solitum
1033 3336 1105 3400 fieri
1123 3336 1166 3402 ab
1181 3353 1209 3393 ³⁵

156 3422 267 3488 ordine
284 3427 399 3488 nostro
417 3422 452 3488 in
469 3421 621 3490 oratione,
631 3420 742 3488 Crassi
756 3423 913 3507 scriptum
931 3424 1062 3509 copiose
1079 3424 1167 3488 vide·

155 3532 237 3586 mus.
272 3509 367 3576 Hane
385 3531 463 3596 ergo
482 3510 747 3576 consuetudinem
765 3510 977 3597 benignitatis
996 3512 1168 3597 largitioni
