2578 3950
155 142 218 207 186
452 137 606 194 ursulus
624 137 674 192 DE
692 136 859 190 AMICITIA

153 301 251 385 venti,
273 301 413 366 retinent
435 303 547 364 tamen
570 299 740 364 ceritatem
762 298 796 362 in
818 301 976 383 pastores,
1002 319 1087 382 quos
1110 321 1167 382 pa·

152 395 221 455 tres
253 389 373 454 multos
407 409 509 454 annos
542 407 613 451 esse
641 387 809 452 duxerunt.
855 384 947 460 Quod
975 390 1026 450 est
1058 387 1166 452 multo

31 469 34 476 ’
151 477 298 563 profecto
323 476 428 562 magis
451 476 486 540 in
508 475 594 540 veris
616 474 765 558 patribus
788 473 948 557 certisque
969 473 1166 539 faciendum.

152 565 289 630 Fructus
309 564 394 629 enim
412 563 535 649 ingenii
553 567 587 627 et
604 562 736 626 virtutis
755 561 923 645 omnisque
941 562 1166 646 praestantiae

152 659 223 718 turn
251 673 421 717 maxumus
449 651 590 735 capitur,
620 671 693 715 cum
715 650 751 714 in
777 670 970 733 proxumum
1004 671 1167 735 quemque
1196 666 1210 708 ⁵
1263 701 1264 712 ,

154 741 328 807 confertur.

101 791 145 917 ἓξ)
221 828 268 894 Ut
290 828 392 913 igitur
414 827 447 910 ii,
471 827 526 909 qui
545 830 621 890 sunt
639 826 675 889 in
688 824 849 890 amicitiae
863 824 1168 910 coniunctionisque

154 916 389 982 necessitudine
409 914 600 998 superiores,
618 934 796 997 exaequare
815 933 850 977 se
866 935 937 977 cum
954 912 1168 978 inferioribus
1264 941 1265 960 2

155 1004 282 1079 debent,
304 1001 352 1067 sic
374 1001 543 1066 inferiores
566 1023 633 1066 non
651 1001 759 1066 dolere
778 1021 812 1064 se
830 1022 850 1065 a
869 1001 935 1066 suis
955 1005 1013 1065 aut
1032 1001 1168 1088 ingenio

155 1096 212 1158 aut
234 1091 366 1156 fortuna
390 1094 446 1155 aut
469 1078 630 1175 nignitate
653 1088 808 1172 superari.
850 1086 995 1164 Quorum
1017 1089 1168 1174 plerique
1185 1107 1212 1147 10
1265 1113 1266 1124 ¹

155 1183 212 1246 aut
235 1183 414 1263 queruntur
443 1198 570 1260 semper
597 1176 721 1260 aliquid
749 1180 806 1240 aut
833 1176 932 1241 etiam
955 1177 1169 1261 exprobrant,

155 1289 257 1351 eoque
280 1267 399 1352 magis,
427 1266 456 1331 si
477 1266 598 1330 habere
626 1286 660 1329 se
687 1267 818 1349 putant,
850 1264 936 1348 quod
964 1263 1111 1332 officiose
1134 1270 1170 1330 et
1266 1244 1267 1338 I

156 1357 258 1422 amice
281 1359 315 1419 et
337 1377 411 1420 eum
431 1355 544 1419 labore
563 1353 672 1436 aliquo
692 1373 750 1417 suo
768 1351 891 1417 Iactum
909 1356 1032 1436 queant
1051 1353 1167 1421 dicere.

156 1443 313 1510 Odiosum
337 1464 413 1508 sene
436 1463 539 1528 genus
561 1440 730 1505 hominnm
753 1439 859 1505 officia
883 1441 1169 1525 exprobrantium

156 1554 239 1616 quae
262 1530 447 1596 meminisse
470 1527 566 1606 debet
587 1528 627 1610 is,
648 1529 684 1593 in
706 1549 802 1612 quem
825 1528 956 1595 conlata
979 1533 1071 1612 sunt,
1098 1551 1166 1594 non
1184 1546 1211 1588 rs

103 1637 136 1687 '12
155 1638 417 1700 commemorare,
441 1616 496 1700 qui
518 1615 666 1681 eontulit.
705 1614 809 1692 Quam
831 1615 873 1682 ob
896 1637 974 1698 rem,
996 1620 1035 1681 ut
1053 1617 1087 1700 ii,
1110 1618 1168 1701 qui

156 1705 338 1790 superiores
362 1707 447 1786 sunt,
470 1704 672 1768 summittere
697 1725 731 1768 se
754 1704 872 1768 debent
889 1703 923 1768 in
942 1703 1097 1787 amicitia,
1120 1706 1168 1772 sic
1268 1716 1269 1790 I

156 1793 296 1879 quodam
314 1792 411 1859 modo
429 1791 599 1857 inferiores
619 1791 783 1856 extollere.
816 1789 899 1856 Sunt
917 1792 1003 1858 eninr
1024 1793 1166 1876 quidam,

157 1882 211 1967 qui
235 1882 391 1948 molestas
415 1880 574 1946 amicitias
597 1879 733 1963 faciunt,
762 1901 834 1946 oum
857 1879 921 1964 ipsi
943 1901 978 1944 se
1001 1881 1165 1946 contemni

155 1974 287 2055 putont3
319 1969 405 2054 quod
432 1991 498 2034 non
523 1968 591 2034 fere
618 1968 780 2053 contingit
807 1967 872 2031 nisi
899 1967 953 2051 iis,
986 1968 1042 2052 qui
1066 1968 1165 2035 etiam
1183 1986 1213 2028 eo
1269 1954 1270 2046 I

156 2057 409 2124 contemnendos
432 2079 467 2122 se
495 2056 712 2138 arbitrantur3
745 2057 801 2138 qui
832 2055 893 2122 hac
920 2055 1074 2139 opinione
1100 2079 1166 2122 non

104 2161 137 2211 '13
156 2145 252 2210 modo
275 2145 397 2227 verbis,
421 2144 476 2210 sed
499 2143 599 2208 etiam
622 2165 718 2228 opere
741 2143 870 2208 levandi
893 2146 977 2208 sunt.
1024 2144 1166 2220 Tantum

156 2235 266 2297 autem
289 2231 403 2315 cuique
426 2230 642 2315 tribuendum,
665 2231 806 2316 primum
829 2235 986 2314 quantum
1006 2232 1079 2316 ipse
1098 2233 1166 2298 effi-

157 2340 228 2385 cere
251 2319 371 2404 possis,
395 2318 508 2383 deinde
531 2319 629 2384 etiam
654 2323 811 2402 quantum
833 2319 903 2402 ille,
926 2340 1022 2403 quem
1047 2320 1166 2406 diligas

157 2412 254 2491 etque
277 2407 419 2488 adiuves,
442 2406 610 2472 sustinere.
656 2405 732 2472 Non
754 2407 840 2472 enim
863 2428 966 2491 neque
989 2411 1027 2472 tn
1047 2410 1166 2492 possis,
1181 2428 1210 2468 aa

158 2494 305 2578 quamvis
329 2495 478 2578 excellas,
501 2517 613 2560 omnes
632 2498 707 2562 tuos
726 2495 768 2560 ad
786 2494 925 2560 honores
943 2495 1167 2580 amplissimos

156 2582 338 2668 perducere,
361 2586 398 2651 ut
421 2581 529 2667 Scipio
551 2581 586 2647 P.
608 2582 776 2667 Rupilium
799 2583 908 2667 potuit
930 2584 1099 2649 consulem
1123 2585 1168 2650 ef-

156 2672 261 2756 ficere,
283 2670 420 2736 fratrem
440 2671 508 2736 eius
522 2670 557 2735 L.
576 2671 642 2735 non
655 2669 771 2755 potuit.
803 2669 926 2745 Quodsi
944 2671 1045 2737 etiam
1058 2673 1167 2757 possis

157 2759 284 2844 quidvis
308 2758 432 2824 deleme
456 2759 497 2825 od
519 2759 668 2842 alterum,
690 2758 863 2824 videndum
881 2761 1071 2843 esttamen,
1092 2760 1169 2845 quid

156 2847 213 2912 ille
236 2847 341 2932 possit
364 2847 532 2913 sustinere.
1182 2865 1212 2906 so

104 2950 139 3000 '14
223 2933 361 2999 Omnino
386 2935 547 3000 amicitiae
570 2933 793 3000 conroboratis
812 2935 879 3000 iam
901 2934 1169 3020 confirmatisque

156 3026 190 3086 et
212 3020 351 3108 ingeniis
375 3026 408 3087 et
431 3021 593 3088 aetatibus
620 3019 809 3088 iudicandae
837 3026 926 3106 sunt,
953 3044 1025 3106 nec,
1059 3024 1170 3109 siqui

156 3109 288 3177 ineunte
312 3114 418 3176 aetate
441 3109 579 3176 venandi
603 3113 660 3175 aut
681 3109 768 3194 pilae
793 3111 930 3178 studiosi
947 3109 1089 3194 luerunt,
1113 3135 1169 3178 eos

156 3197 277 3263 hahere
299 3198 508 3282 necessarios,
532 3219 612 3282 quos
636 3202 706 3264 tum
730 3197 844 3263 eodem
867 3198 973 3266 studio
999 3200 1169 3283 praeditos

157 3285 347 3352 dilexerunt.
379 3285 448 3351 Isto
468 3285 554 3350 enim
568 3285 664 3350 modo
682 3286 825 3351 nutrices
845 3292 878 3352 et
896 3286 1080 3372 paedagogi
1100 3289 1171 3353 iure
1184 3303 1213 3346 ss

24 3375 26 3448 l
155 3370 331 3436 vetustatis
363 3373 540 3456 plurimum
573 3373 811 3438 benivolentiae
845 3375 1075 3459 postulabunt3
1114 3376 1171 3460 qui

155 3457 350 3543 neglegendi
373 3459 502 3539 quidem
523 3480 591 3525 non
613 3465 704 3543 sunt,
733 3461 789 3526 sed
813 3461 878 3528 alio
907 3461 1046 3546 quodam
1070 3464 1170 3530 modo
