2542 3950
363 179 575 238 Pouusuuu.
593 179 628 236 H.
646 180 672 234 X
689 196 707 235 a
725 181 805 237 a-b
824 187 849 237 2.
1043 180 1109 252 399

148 341 198 406 Tu
221 361 363 426 quoqne,
390 363 461 406 cum
484 341 628 406 mmulos
649 340 780 408 Albano
802 341 838 406 in
860 346 970 408 monte
990 342 1110 408 nivalia

147 429 312 496 Lustrasti
336 433 370 496 et
391 429 480 496 laeto
502 429 655 495 mwtasti
677 429 762 496 lacte
783 427 934 514 Latinas,

147 517 270 584 Vidisti
292 521 326 584 et
348 517 437 584 claro
458 517 616 584 tremulos
640 516 754 586 ardore
777 521 934 602 cometas,
1077 533 1110 584 15

148 606 317 690 Multaque
340 605 469 672 misceri
490 609 650 672 nocturna
672 609 783 690 strage
804 607 944 691 putasti,

149 693 242 770 Quod
262 693 367 759 ferme
389 692 494 760 dirum
516 693 551 758 in
573 697 703 778 tempus
725 693 867 762 cecidere
889 693 1040 778 Latinae,

149 781 231 850 Cum
254 782 378 849 claram
401 782 540 866 speciem
563 785 713 848 concreto
737 782 860 848 lumine
882 782 960 848 luna

148 870 286 937 Abdidit
308 874 341 935 et
364 870 473 936 subito
496 870 643 936 stellanti
664 873 760 938 nocte
781 874 952 956 perempta
973 873 1032 936 est

148 957 233 1035 Quid
254 979 331 1025 vero
352 957 477 1024 Phoebi
498 957 567 1042 fax,
589 959 696 1024 tristis
718 958 835 1024 nuntia
856 959 950 1044 belli,
1078 974 1112 1026 20
1255 1021 1260 1032 ,

149 1045 238 1123 Quae
251 1067 407 1148 magnum
426 1047 468 1112 ad
485 1046 635 1112 columen
650 1046 819 1113 flammato
839 1046 954 1113 ardore
968 1047 1113 1133 volabat,

148 1135 340 1220 Praecipitis
363 1135 445 1200 caeli
467 1135 571 1220 partis
593 1135 768 1220 obitusque
790 1135 980 1220 petesseus?

148 1222 217 1288 Ant
240 1245 312 1290 cum
334 1223 476 1288 terribili
498 1223 664 1308 perculsus
686 1222 823 1290 fulmine
845 1223 925 1290 civis
1024 1281 1026 1286 .

148 1311 234 1377 Luce
257 1311 421 1377 serenanti
443 1311 557 1376 vitalia
579 1310 704 1377 lumina
726 1310 845 1395 liquit?

150 1401 218 1465 Ant
240 1421 314 1465 cum
336 1420 371 1464 se
394 1398 529 1484 muido
551 1399 733 1465 tremefecit
756 1420 891 1484 corpore
913 1398 1034 1466 tellus?
1078 1413 1112 1463 25

149 1485 221 1552 Iam
242 1508 320 1552 varo
342 1487 453 1552 variae
473 1490 633 1553 nocturno
655 1491 803 1572 tempore
824 1487 913 1553 visae

149 1574 325 1640 Terribiles
347 1574 472 1640 formae
494 1575 619 1640 bellum
640 1579 813 1660 motusque
834 1575 1024 1660 monebant,

147 1662 317 1746 Multaque
338 1683 397 1748 per
418 1667 525 1728 terras
547 1667 640 1729 vates
663 1663 772 1729 oracla
794 1662 916 1729 furenti

148 1750 286 1818 Pectore
305 1749 486 1816 fundebant
508 1751 613 1817 tristis
637 1751 824 1818 minitantia
846 1772 954 1835 casus,

147 1839 258 1924 Atque
281 1861 332 1924 ea,
354 1860 437 1922 quae
460 1839 555 1923 lapsu
576 1839 709 1904 tandem
731 1838 1038 1922 cecidere'vetusto,
1077 1855 1111 1903 so

147 1927 237 1993 Haec
259 1923 330 1992 fore
351 1927 518 2013 perpetuis
540 1926 644 2012 signis
667 1927 828 2012 clarisque
850 1926 1061 2010 frequentans

148 2015 223 2101 Ipse
245 2015 341 2081 deum
364 2014 493 2101 genitor
515 2014 605 2081 caelo
627 2015 789 2100 terrisque
811 2015 958 2080 canebat.

148 2103 243 2170 Nunc
265 2126 312 2188 ea,
335 2102 501 2188 Torquato
525 2125 607 2188 quae
630 2103 794 2188 quondam
812 2107 845 2168 et
862 2102 996 2168 consule
1014 2100 1112 2168 Cotta

147 2191 268 2276 Lydius
292 2191 436 2258 ediderat
458 2190 643 2276 Tyrrhenae
667 2191 774 2278 gentis
797 2191 972 2276 haruspex,

148 2279 266 2346 Omnia
287 2280 353 2345 fixa
373 2284 450 2346 tuus
474 2281 661 2366 glomerans
684 2278 880 2345 determinat
902 2300 1014 2346 annus.
1077 2294 1111 2344 at

147 2365 234 2434 Nam
256 2371 351 2453 pater
373 2368 551 2433 altitonans
575 2367 722 2433 stellanti
743 2367 838 2432 nixus
861 2365 1003 2450 Olympo

147 2454 223 2540 Ipse
245 2476 322 2521 suos
345 2455 508 2539 quondam
529 2455 675 2520 tumulos
699 2477 736 2520 ac
759 2455 884 2539 templa
905 2454 1023 2540 petivit

147 2541 194 2608 Et
216 2541 411 2628 Capitolinis
433 2542 544 2608 iniecit
566 2543 697 2608 sedibus
719 2542 814 2628 ignis.
926 2575 929 2582 ,

147 2630 231 2696 Tum
255 2631 377 2716 species
401 2653 439 2696 ex
462 2652 536 2697 aere
557 2634 652 2696 vatus
676 2651 897 2718 generosaque
918 2629 1041 2696 Nattae

147 2716 311 2803 Concidit,
333 2719 526 2804 elapsaeque
549 2723 678 2785 vetusto
700 2719 833 2784 numine
854 2717 959 2803 leges,
1076 2734 1112 2784 40

146 2805 193 2872 st
215 2807 325 2873 divom
348 2807 522 2874 simulacra
543 2805 681 2892 peremit
703 2804 850 2872 fulminis
869 2805 974 2871 ardor.

148 2894 212 2961 Hic
234 2895 395 2962 silvestris
417 2899 489 2962 erat
509 2894 650 2961 Romani
671 2895 812 2961 nominis
836 2893 949 2977 altrix,

147 2982 281 3068 Martia,
304 3005 386 3068 quae
408 3005 528 3069 parvos
550 2982 709 3050 Mavortis
733 2982 855 3048 semine
875 2985 973 3047 natos

60 3082 62 3085 ’
147 3069 312 3138 Uberibus
336 3071 479 3159 gravidis
501 3071 597 3138 vitali
619 3093 692 3137 rore
715 3071 860 3158 rigabat3

147 3157 237 3236 Quae
259 3163 331 3226 tum
353 3182 426 3226 cum
448 3160 557 3246 pueris
579 3159 748 3226 flammato
770 3158 918 3225 fulminis
940 3157 1007 3224 ictu
1076 3173 1112 3224 lt

147 3246 297 3314 Concidit
319 3252 417 3333 atque
440 3249 554 3314 evolsa
575 3248 694 3334 pedum
715 3247 857 3334 vestigia
879 3246 985 3331 liquit.
1229 3332 1237 3335 -

65 3350 91 3394 ⁸⁶
147 3335 231 3402 Tum
255 3337 413 3421 quianon
436 3336 516 3402 artis
536 3337 658 3422 scripta
675 3358 713 3403 ac
731 3339 942 3402 monumenta
959 3334 1111 3401 volutans

146 3423 252 3490 Voces
274 3425 442 3492 tristificas
465 3423 586 3490 chartis
609 3425 780 3510 promebat
801 3423 973 3498 Etruscis?

147 3511 268 3580 Omnes
291 3513 380 3580 cirili
403 3533 560 3601 generosa
583 3535 603 3579 a
626 3514 727 3598 stirpe
748 3511 929 3600 profectam
