2578 3950
142 178 206 242 194
440 176 594 231 LAELIUS
612 177 660 231 DE
680 174 845 230 AMICITIA

141 344 191 404 est
213 339 314 424 igitur
337 336 417 404 hacc
440 339 593 420 amicitia,
616 359 689 403 cum
712 337 796 402 alter
819 357 930 401 verum
952 336 1062 402 audire
1083 359 1152 402 non

140 428 225 510 vult,
253 428 337 492 alter
360 426 401 491 ad
428 426 646 491 mentiendum
674 429 810 510 paratus
834 427 892 489 est.
936 422 1005 490 Nec
1028 426 1151 509 parasi-

140 520 249 581 torum
271 515 307 580 in
329 514 503 581 comoediis
527 515 710 579 adsentatio
736 513 843 578 faceta
861 512 956 578 nobis
975 513 1148 598 videretur,

140 604 204 668 nisi
227 607 336 668 essent
358 603 480 669 milites
504 602 649 689 gloriosi.

184 691 346 778 Magnas
369 713 460 756 vero
485 712 599 776 agere
623 691 774 776 gratias
798 687 916 754 Thais
940 688 1055 754 mihi?
1179 710 1193 750 ⁵

141 777 228 845 Satis
252 783 323 845 erat
348 778 556 863 respondere:
580 776 775 863 ‘magnas'3
799 776 1014 864 ingentes,
1034 777 1151 861 inquit.

141 866 274 953 Semper
297 872 396 953 auget
419 867 607 933 adsentator
629 866 675 949 id,
699 865 786 950 quod
807 865 847 950 is,
869 865 960 930 cuius
979 865 1020 930 ad
1039 867 1151 931 volun·

88 965 122 1014 99
140 961 242 1021 tatem
280 956 411 1039 dicitur,
445 956 517 1021 vult
549 975 619 1019 esse
651 975 817 1039 magnum.
862 952 966 1029 Quam
998 954 1039 1018 ob
1072 976 1151 1038 rem,

141 1065 337 1129 quamquam
359 1043 481 1108 blanda
506 1043 571 1108 ista
598 1042 726 1109 vanitas
755 1041 841 1126 apud
873 1063 929 1108 eos
960 1043 1062 1128 valet,
1095 1043 1152 1127 qui

139 1133 202 1217 ipsi
225 1132 317 1197 illam
337 1133 501 1197 adlectant
519 1136 552 1196 et
569 1131 720 1215 invitant,
739 1135 849 1196 tamen
862 1130 962 1196 etiam
981 1130 1149 1216 graviores
1167 1151 1192 1190 ιο

140 1221 441 1306 constantioresque
474 1220 666 1286 admonendi
694 1224 783 1302 sunt,
815 1223 853 1283 ut
881 1219 1151 1303 animadvertant,

139 1331 180 1374 ne
203 1309 322 1375 callida
345 1309 569 1374 adsentatione
593 1308 773 1392 capiantur.
817 1307 941 1392 Aperte
969 1307 1055 1371 enim
1075 1307 1151 1372 adu·

140 1399 264 1463 lantem
286 1419 381 1463 nemo
404 1419 471 1464 non
488 1397 586 1481 videt,
603 1397 666 1461 nisi
686 1396 741 1480 qui
760 1395 934 1460 admodum
954 1399 1004 1459 est
1023 1417 1151 1481 excors3

141 1487 277 1551 callidus
300 1486 357 1551 ille
381 1489 414 1552 et
442 1486 587 1550 occultus
610 1507 650 1549 ne
679 1505 713 1548 se
740 1484 895 1566 insinuet,
928 1482 1072 1548 studiose
1100 1506 1150 1549 ca-

139 1575 278 1639 vendum
302 1578 367 1656 est3
398 1595 458 1638 nec
485 1574 570 1637 enim
596 1571 751 1637 laelllime
780 1571 1002 1658 adgnoscitur,
1030 1572 1150 1657 quippe
1166 1591 1192 1632 1⁵

141 1663 195 1745 qui
220 1662 318 1726 etiam
343 1661 542 1726 adversando
567 1682 662 1746 saepe
686 1660 874 1725 adsentetur
897 1663 930 1725 et
955 1660 1087 1746 litigare
1115 1682 1150 1725 se
1284 1679 1286 1746 l

140 1750 297 1814 simulans
324 1748 512 1814 blandiatur
542 1753 640 1834 atque
668 1749 709 1814 ad
742 1752 922 1813 extremum
954 1747 1009 1813 det
1034 1770 1150 1814 manus
1285 1749 1286 1754 ’

139 1837 287 1922 vincique
307 1860 341 1903 se
355 1837 509 1922 patiatur,
532 1841 570 1901 ut
587 1839 625 1922 is,
647 1837 703 1921 qui
721 1836 847 1902 inlusus
867 1837 919 1921 sit,
936 1837 1012 1921 plus
1029 1837 1149 1902 vidisse

139 1925 296 1992 videatur.
333 1924 417 2002 Quid
441 1930 548 1991 autem
572 1927 700 2010 turpius
725 1947 823 2009 quam
846 1924 971 1990 inludi?
1002 1923 1094 2000 Quod
1111 1929 1150 1990 ut

138 2035 179 2080 ue
203 2014 337 2099 accidat,
359 2016 465 2100 magis
489 2014 666 2080 cavendum
691 2018 749 2079 cst.
1163 2033 1191 2074 ao

185 2102 238 2167 Ut
264 2125 320 2167 me
347 2101 461 2167 hodie
489 2107 576 2167 ante
605 2123 734 2167 omnes
762 2101 928 2166 cdmicos
958 2101 1104 2166 stultds

905 2210 1015 2254 senes

183 2275 366 2342 Versaris
390 2282 506 2362 atque
529 2277 740 2342 inldsseris
765 2277 1008 2343 lautissume.

88 2382 138 2432 100
152 2363 242 2430 Haec
265 2365 350 2430 enim
378 2366 476 2430 etiam
499 2367 534 2430 in
556 2365 677 2429 fabulis
706 2365 904 2431 stultissima
931 2387 1070 2452 persona
1097 2370 1149 2430 est

138 2453 382 2537 inprovidorum
406 2457 439 2519 et
467 2454 671 2519 credulorum
699 2475 820 2518 senum.
866 2452 929 2518 Sed
951 2455 1059 2519 nescio
1083 2476 1147 2538 quo

138 2544 234 2625 pacto
259 2542 299 2605 ab
324 2541 475 2607 amicitiis
501 2541 719 2627 perfectorum
746 2540 929 2625 hominum,
960 2543 994 2606 id
1022 2546 1072 2606 cst
1100 2564 1148 2606 sa·
1163 2560 1190 2601 25

138 2629 297 2714 pientium
320 2627 458 2716 (dehac
481 2631 551 2696 dico
576 2630 748 2715 sapientia,
779 2651 861 2714 quae
883 2631 1012 2695 videtur
1033 2630 1068 2693 in
1090 2629 1147 2694 ho-

139 2718 259 2782 minem
278 2719 390 2784 cadere
408 2718 527 2805 posse),
546 2719 587 2783 ad
601 2719 688 2784 leves
704 2717 863 2783 amicitias
881 2717 1014 2782 defluxit
1032 2717 1146 2782 oratio.

139 2804 242 2881 Quam
271 2808 312 2872 ob
345 2829 414 2872 rem
446 2808 488 2872 ad
518 2807 576 2872 illa
607 2807 714 2891 prima
741 2806 910 2870 redeamus
943 2827 1044 2890 eaque
1075 2806 1149 2890 ipsa

139 2894 366 2960 concludamus
391 2894 573 2979 aliquando.
1078 2899 1081 2908 '

87 2981 126 3045 27
204 2981 329 3066 VirtuS,
350 2983 637 3067 virtuainquam,
661 2980 694 3047 O.
718 2981 834 3067 Fanni,
858 2986 891 3047 et
912 2986 963 3065 tu,
994 2980 1030 3057 Q.
1053 2980 1148 3066 Muci,
1162 3000 1189 3041 ao

59 3095 66 3108 ·
140 3073 172 3134 et
199 3071 352 3135 conciliat
379 3071 538 3136 amicitias
567 3075 601 3135 et
628 3074 806 3137 conservat.
851 3069 891 3135 In
918 3093 957 3136 ea
984 3074 1035 3135 est
1062 3069 1148 3134 enim

139 3159 362 3224 convenientia
384 3180 501 3242 rerum,
523 3159 558 3224 in
577 3181 615 3224 ea
631 3158 810 3237 stabilitas,
832 3158 867 3223 in
890 3180 928 3223 ea
951 3158 1150 3242 constantia3

139 3266 220 3328 quae
244 3269 316 3311 cum
341 3269 375 3312 se
399 3248 516 3313 extulit
539 3251 572 3312 et
595 3248 737 3313 ostendit
761 3269 854 3312 suum
878 3248 988 3312 lumen
1011 3250 1045 3311 et
1062 3246 1148 3310 idem

139 3333 266 3415 aspexit
291 3335 508 3419 adgnovitque
531 3335 565 3399 in
589 3336 668 3419 alio,
696 3336 736 3400 ad
763 3335 798 3400 id
821 3355 855 3400 se
879 3335 1031 3400 admovet
1054 3334 1147 3399 vicis-

139 3420 264 3504 simque
287 3423 405 3506 aooipit
427 3424 518 3507 illud,
542 3425 627 3508 quod
649 3423 685 3489 in
708 3425 811 3488 altero
831 3427 894 3506 est3
918 3445 956 3487 ex
976 3443 1039 3506 quo
1059 3443 1148 3486 exar-
1162 3438 1189 3480 aa

139 3508 240 3574 deecit
260 3508 326 3574 sive
346 3531 437 3575 amor
457 3512 524 3576 sive
544 3512 701 3597 amicitia3
725 3516 897 3596 utrumque
916 3511 1002 3575 enim
1026 3509 1149 3576 dictum
