2578 3950
457 211 532 267 car.
552 217 665 267 ra-sr.
698 217 713 279 s
733 219 845 268 as-so.
1071 215 1130 278 191

125 374 195 438 tino
219 371 378 456 Archyta,
405 375 443 436 ut
471 373 604 457 opinor,
632 373 694 438 dici
723 374 855 440 solitum
882 377 1011 439 nostros
1041 396 1132 440 senes

126 481 378 528 commemorare
407 460 515 524 audivi
547 461 589 525 ab
626 461 700 526 aliis
733 462 864 527 senibus
896 463 1055 527 auditum:
1088 462 1133 525 ‘si

126 549 210 634 quis
234 549 273 612 in
295 548 442 613 caelum
466 548 707 614 ascendisset
729 553 985 634 naturamque
1003 550 1132 615 mnndi

126 641 162 702 et
194 636 526 722 pulchritudinem
558 637 727 702 siderum
762 639 1041 723 perspexisset,
1077 638 1132 702 in-

0 788 2 794 ,
98 743 279 790 osuarem
302 724 414 788 illam
438 724 733 790 admirationem
762 726 795 789 ei
823 725 920 809 fore3
952 747 1047 809 quaa
1075 727 1132 790 iu-

126 811 360 879 cundissima
386 811 541 896 fuisset,
574 813 607 878 ri
639 813 820 897 aliquem,
852 814 911 878 cui
937 817 1132 895 narraret,

124 899 349 966 habuisset?
386 897 439 965 Sic
461 904 579 965 natura
593 901 776 966 solitarium
787 901 869 965 nihil
885 905 974 966 amat
993 923 1131 986 semper-

126 1011 187 1073 que
212 988 251 1052 ad
271 987 402 1070 aliquod
420 991 588 1072 tamquam
608 989 837 1054 adminiculum
857 989 1027 1072 adnititur3
1046 989 1132 1072 quod

125 1078 160 1142 in
183 1075 529 1159 amicissimo-quoque
553 1076 773 1150 dulcissimum
799 1081 857 1141 ast.

86 1183 113 1224 ro
192 1161 255 1228 Sed
278 1186 350 1229 cum
376 1167 428 1228 tot
456 1163 558 1249 signis
587 1164 697 1229 eadem
723 1169 841 1229 natura
869 1165 1022 1242 declaret,
1055 1165 1131 1248 quid
1142 1164 1185 1228 24

125 1252 215 1336 velit,
238 1251 397 1336 anquirat,
419 1250 593 1335 desideret,
616 1256 726 1316 tamen
748 1251 1005 1317 obsurdescimus
1022 1253 1131 1316 nescio

126 1362 189 1424 quo
213 1339 308 1404 modo
329 1361 452 1422 necea,
472 1360 554 1423 quae
574 1339 614 1404 ab
630 1361 668 1404 ea
682 1361 859 1422 monemur,
882 1339 1039 1404 audimus.
1071 1339 1132 1404 Est

127 1429 212 1493 enim
234 1427 344 1493 rarius
372 1431 405 1491 et
432 1427 604 1511 multiplex
629 1448 707 1492 usus
736 1428 913 1510 amicitiae,
947 1429 1132 1511 multaeque

126 1537 242 1582 causae
265 1514 485 1599 suspicionum
508 1515 784 1600 offensionumque
808 1516 934 1600 dantur,
958 1537 1038 1600 quas
1061 1520 1132 1579 tum

86 1621 112 1662 1⁵
126 1604 262 1688 evitare,
293 1607 363 1668 tum
395 1603 534 1687 elevare,
566 1608 636 1669 tum
667 1602 752 1668 ferre
785 1604 940 1688 sapientis
974 1608 1037 1687 ast3
1069 1625 1133 1668 una

125 1693 185 1757 illa
208 1691 406 1782 sublevanda
430 1691 563 1756 offensio
588 1695 647 1776 est,
669 1695 706 1756 ut
730 1695 763 1756 et
785 1692 912 1757 utilitas
931 1693 965 1756 in
989 1691 1133 1756 amicitia

127 1785 160 1847 et
182 1779 260 1845 fides
284 1779 473 1844 retineatur:
496 1799 572 1843 nam
596 1784 628 1843 et
651 1780 802 1845 monendi
825 1780 920 1844 amici
942 1801 1037 1865 saepe
1056 1783 1133 1844 sunt

126 1873 159 1934 et
183 1867 385 1952 obiurgandi,
408 1871 441 1931 et
460 1867 540 1932 haec
560 1867 744 1951 accipienda
764 1867 873 1950 amice,
893 1889 964 1932 cum
983 1867 1132 1932 benivole

126 1957 217 2021 fiunt.
263 1953 324 2020 Sed
347 1956 455 2020 nescio
480 1976 542 2039 quo
567 1955 662 2020 modo
685 1976 797 2019 verum
821 1958 879 2038 est,
903 1954 988 2038 quod
1011 1955 1045 2017 in
1068 1953 1132 2018 An·
1152 1969 1185 2018 89

85 2061 113 2101 20
127 2044 198 2109 dria
220 2043 392 2108 familiaris
415 2064 505 2107 meus
529 2042 620 2108 dicit:
1108 2059 1117 2081 ⁴

172 2131 405 2214 Obse'quium
429 2131 585 2215 amicos,
607 2131 756 2197 veritas
781 2129 906 2195 odium
930 2129 1043 2214 parit.

126 2220 267 2285 Molesta
289 2219 419 2302 veritas,
443 2219 600 2303 siquidem
624 2241 662 2284 ex
686 2241 724 2284 ea
742 2219 886 2284 nascitur
905 2218 1023 2299 odium,
1047 2218 1133 2301 quod
1171 2249 1175 2256 -

127 2312 178 2372 est
195 2328 353 2373 venenum
368 2306 538 2392 amicitiae,
557 2308 612 2372 sed
631 2307 821 2391 obsequium
836 2308 940 2372 multo
955 2305 1133 2389 molestius,

127 2396 214 2481 quod
227 2395 368 2480 peccatis
381 2395 552 2480 indulgens
567 2395 777 2480 praecipitem
792 2396 931 2460 amicum
949 2394 1028 2459 ferri
1042 2393 1133 2473 sinit;

7 2541 15 2558 ,
85 2499 113 2542 2⁵
127 2507 279 2550 maxuma
302 2487 411 2548 autem
434 2484 530 2568 eulpa
551 2483 586 2546 in
609 2505 662 2567 eo,
690 2483 746 2567 qui
773 2486 806 2546 et
827 2484 998 2548 veritatem
1026 2502 1133 2564 asper-

1 2567 2 2590 ³
126 2577 225 2638 natur
247 2576 280 2638 et
302 2572 337 2636 in
359 2570 505 2636 fraudem
528 2571 683 2654 obsequio
706 2570 882 2654 inpellitur.
917 2569 1014 2635 Omni
1031 2569 1133 2654 igitur

127 2661 189 2726 hac
212 2661 303 2724 inre
326 2660 475 2725 habenda
498 2658 582 2724 ratio
607 2663 639 2722 et
662 2658 832 2743 diligentia
856 2661 914 2739 est,
936 2657 1078 2741 primum
1096 2660 1134 2720 ut

127 2747 264 2814 monitio
298 2747 488 2832 acerbitate,
521 2746 633 2812 deinde
660 2749 698 2810 ut
725 2745 909 2830 obiurgatio
938 2742 1134 2808 contumelia

127 2841 251 2919 careat3
273 2836 308 2900 in
331 2835 485 2920 obsequio
508 2839 631 2919 autem,
654 2833 807 2918 quoniam
821 2831 1014 2896 Terentiano
1033 2829 1133 2895 verbo

1 2953 5 2962 ·
86 2942 113 2982 ³0
128 2926 280 2989 lubenter
301 2923 437 3008 utimur,
465 2923 601 2989 comitas
625 2922 725 3006 adsit,
753 2920 948 3002 adsentatio,
980 2918 1133 2984 vitiorum

127 3013 278 3096 adiutrix,
300 3012 413 3098 procul
433 3016 631 3095 amoveatur,
650 3029 731 3094 quae
748 3030 815 3074 non
832 3007 927 3074 modo
947 3007 1060 3090 amico,
1079 3006 1135 3070 sed

125 3123 168 3165 ne
191 3101 293 3166 libero
318 3099 447 3184 quidem
470 3098 568 3184 digna
592 3103 654 3181 est3
678 3099 773 3162 aliter
792 3096 878 3163 enim
896 3117 969 3161 cum
987 3098 1134 3177 tyranno,

107 3189 224 3254 'aliter
248 3210 320 3253 cum
343 3187 446 3253 amico
469 3188 599 3252 vivitur.
644 3185 742 3252 Cuius
766 3188 874 3251 autem
893 3204 986 3248 aures
1006 3182 1134 3248 clausae
1153 3197 1187 3246 90

127 3277 261 3358 veritati
280 3279 365 3360 sunt,
388 3279 425 3340 ut
443 3276 485 3340 ab
505 3276 607 3341 amico
621 3295 735 3340 verum
749 3273 859 3338 audire
872 3274 1020 3356 nequeat,
1038 3270 1134 3335 huius

84 3380 112 3421 ³⁵
129 3366 227 3430 salus
242 3364 442 3453 desperanda
465 3367 524 3428 est.
561 3361 684 3428 Scitum
708 3365 758 3426 est
781 3361 866 3426 enim
889 3360 971 3425 illud
991 3356 1135 3442 Catonis,

127 3458 166 3518 ut
190 3455 306 3519 multa:
331 3452 485 3517 ‘melius
510 3451 552 3516 de
577 3451 804 3536 quibusdam
828 3448 986 3514 acerbos
1010 3447 1136 3512 inimi·

127 3563 193 3606 cos
222 3542 365 3606 mereri
398 3562 514 3625 quam
543 3561 606 3604 eos
639 3539 795 3622 amicos,
828 3538 892 3623 qui
920 3537 1050 3602 dulces
1082 3534 1135 3599 vi-
