2578 3950
420 177 496 234 eAP.
517 184 558 244 ιε,
580 185 620 234 19.
657 185 806 245 ese-ce.
842 177 847 182 '
1055 183 1118 248 155

124 337 190 402 nilis
212 336 290 421 quid
310 335 374 401 sibi
396 337 485 422 velit,
507 359 573 404 nen
594 339 765 426 intelleg03
792 345 902 426 petest
924 343 1011 407 enim
1034 343 1119 427 quic·

124 447 211 509 quam
228 445 299 490 esse
317 425 487 490 absurdius
511 447 618 511 quam,
641 448 705 512 quo
723 429 796 493 viae
816 430 923 494 minus
946 434 1057 514 restet,
1080 451 1118 496 eo

122 514 188 596 plus
208 511 319 577 viatici
342 514 518 596 quaerere?

179 599 299 675 Quarta
326 603 430 665 restat
457 621 567 685 causa,
596 623 679 686 quae
706 603 846 668 maxime
874 625 993 690 angere
1021 609 1118 689 atque
1130 606 1170 672 19

102 687 286 753 tsollicitam
308 687 428 753 habere
450 693 597 755 nostram
620 693 761 754 aetatem
783 690 925 775 videtur,
948 692 1118 776 adpropin-

122 776 221 858 quatio
243 774 370 860 mortis,
392 795 475 860 quae
497 781 584 842 certe
607 800 626 841 a
649 781 813 844 senectute
835 799 902 844 nen
919 783 1029 864 petest
1048 801 1119 845 esse

121 863 215 949 longe.
252 863 280 928 0
299 863 454 929 miserum
472 884 591 950 senem,
614 865 669 949 qui
688 869 828 931 mortem
851 867 1118 932 contemnendam

121 971 181 1015 esse
201 951 237 1014 in
258 955 330 1016 tam
352 952 452 1038 leuga
474 955 582 1018 aetate
604 974 670 1019 non
688 953 819 1020 viderit!
844 976 925 1038 quae
946 957 1003 1019 aut
1020 953 1118 1040 plane

119 1039 311 1125 neglegenda
325 1043 384 1122 est,
402 1039 576 1106 siomnino
591 1041 753 1127 extinguit
771 1041 925 1127 animum,
943 1046 1001 1109 aut
1019 1045 1117 1108 etiam

92 1141 112 1182 ιο
121 1127 261 1211 optanda,
285 1126 314 1191 si
336 1127 446 1210 aliquo
470 1147 543 1192 eum
566 1128 703 1212 deducit,
726 1129 782 1194 ubi
806 1130 850 1193 sit
867 1129 997 1195 futurus
1015 1135 1118 1196 aeter·

119 1235 184 1297 nus;
214 1215 307 1298 atqui
334 1215 468 1280 tertium
495 1218 581 1280 certe
608 1216 690 1280 nihil
718 1216 856 1281 invenin'
884 1221 1008 1303 potest3
1040 1219 1118 1304 quid
1137 1235 1170 1285 ec

120 1300 211 1386 igitur
240 1301 391 1386 timeam,
423 1302 452 1366 si
484 1306 541 1368 ant
571 1323 638 1368 non
664 1303 763 1368 miser
789 1307 866 1388 post
893 1309 1033 1370 mortem
1061 1310 1118 1371 aut

120 1387 223 1456 beatus
246 1389 348 1454 etiam
369 1389 499 1455 tutunus
523 1391 616 1456 sum?
653 1389 858 1474 Quamquam
881 1392 952 1475 quis
976 1397 1026 1457 est
1048 1397 1118 1459 tam

121 1477 237 1561 stultus,
260 1477 412 1562 quamvis
434 1477 477 1542 sit
500 1478 697 1562 adulescens,
720 1479 772 1543 cui
794 1479 838 1543 sit
861 1481 1065 1564 exploratum
1083 1501 1118 1545 se

91 1563 155 1628 ltad
176 1585 350 1650 uesperum
376 1585 446 1630 esse
472 1565 657 1631 victurum?
702 1564 787 1642 Quin
814 1567 914 1631 etiam
942 1571 1031 1632 aetas
1059 1568 1119 1634 illa

120 1652 211 1718 multe
229 1653 343 1738 plures
362 1674 460 1736 quam
477 1657 593 1719 nostra
610 1673 703 1718 casus
721 1653 837 1720 mertis
856 1655 969 1739 habet3
989 1655 1118 1721 facilius

120 1737 301 1806 inmerbcs
328 1740 474 1806 incidunt
503 1741 739 1826 adulescentes,
771 1743 903 1826 gravius
935 1747 1118 1830 aegrotant,

119 1825 234 1894 tristius
252 1831 417 1894 curantur.
447 1828 563 1912 Itaque
581 1829 676 1913 pauci
693 1829 828 1894 veniunt
846 1831 887 1894 ad
905 1835 1118 1915 senectutem3

120 1915 195 1995 quod
221 1916 258 1980 ni
284 1916 334 1981 ita
361 1915 532 2000 accideret,
563 1917 680 1980 melius
712 1919 745 1980 et
775 1917 965 2000 prudentius
997 1919 1118 1983 vivere

91 2003 173 2067 elur.
205 2002 301 2069 Mens
323 2004 410 2069 euim
432 2007 466 2068 et
488 2003 574 2069 ratio
597 2006 630 2069 et
653 2001 824 2069 consilium
846 2003 881 2068 in
904 2005 1035 2069 senibus
1054 2009 1118 2090 est3

90 2085 168 2170 ‘qui
188 2091 215 2155 si
236 2089 322 2156 nulli
343 2090 489 2175 fuissent,
511 2091 622 2156 nullae
644 2091 776 2180 omnino
799 2089 948 2157 civitates
970 2089 1118 2158 fuissent.

121 2173 173 2241 Sed
193 2179 289 2244 redeo
318 2178 359 2243 ad
385 2183 524 2244 mertem
550 2180 788 2264 inpendentem.
833 2178 925 2255 Quod
953 2183 1003 2244 est
1029 2181 1118 2246 istud

120 2263 230 2331 cn'men
252 2267 438 2351 senectutis,
461 2289 535 2332 cum
554 2267 636 2332 idei
654 2266 791 2332 videatis
810 2289 882 2333 cum
902 2268 1118 2334 adnleseentia

121 2371 181 2417 csse
201 2355 394 2420 commune?
439 2351 533 2419 Sensi
555 2375 617 2441 ego
639 2353 674 2419 in
696 2355 821 2439 optimo
844 2354 927 2434 filio,
950 2359 987 2420 tu
1009 2357 1044 2419 in
1067 2377 1117 2420 ex·
1136 2370 1169 2420 es

92 2441 247 2520 epectasis
271 2442 314 2507 ad
337 2442 572 2526 amplissimam
596 2443 789 2528 dignitatem
810 2441 978 2527 iratribus,
1001 2440 1118 2527 Scipio,

121 2531 248 2594 mortem
271 2530 361 2594 omni
384 2530 486 2595 aetati
509 2551 578 2595 esse
601 2551 812 2596 communem.
848 2529 895 2595 At
914 2533 1025 2616 sperat
1043 2531 1118 2596 adu·

121 2611 233 2682 lescens
257 2617 313 2682 diu
335 2639 369 2683 sc
387 2616 558 2702 victurum,
581 2617 667 2702 quod
685 2637 815 2702 sperare
832 2617 919 2683 idem
937 2639 1035 2683 senex
1051 2639 1118 2682 non

120 2705 227 2783 potest.
267 2703 463 2790 Incipientes
486 2709 605 2790 sperat.
646 2705 729 2780 Quid
752 2704 837 2768 enim
863 2704 996 2768 stultius
1020 2724 1118 2789 quam

100 2786 234 2880 ,incerta
255 2813 316 2877 pro
339 2793 436 2858 certis
459 2792 587 2879 habere,
609 2793 696 2859 falsa
717 2813 777 2877 pro
800 2790 906 2856 veris?
951 2789 998 2855 Aa
1021 2811 1118 2856 senex

92 2884 154 2940 due
182 2880 268 2961 quod
300 2885 408 2965 speret
439 2881 568 2964 quidem
599 2881 707 2947 habet.
756 2877 803 2944 At
831 2882 883 2943 est
914 2899 952 2943 ec
984 2878 1118 2944 meliore

120 2965 296 3032 condicione
315 2989 412 3052 quum
431 2969 628 3052 adulescens,
650 2967 796 3052 quodid,
820 2966 905 3050 quod
922 2965 980 3031 ille
998 2969 1118 3052 sperat,

119 3047 166 3116 hic
186 3059 376 3120 consecutus
399 3059 462 3140 est3
485 3053 546 3120 ille
564 3057 636 3122 vult
659 3056 713 3120 din
735 3055 853 3137 vivere,
875 3053 928 3118 hic
949 3053 1005 3118 diu
1027 3053 1118 3118 vixit.

121 3134 327 3226 Quamquam,
358 3165 378 3209 ο
406 3143 439 3207 di
465 3143 555 3208 bonit
589 3143 666 3228 quid
693 3147 743 3208 est
770 3142 805 3206 in
831 3141 972 3206 hominis
999 3144 1170 3206 natureae

120 3222 188 3294 diu?
232 3229 286 3295 Du
307 3231 394 3296 enim
416 3252 578 3296 summum
601 3235 739 3317 tempus,
762 3232 967 3315 expectemus
990 3227 1118 3295 Tartes-

92 3311 234 3382 sciorum
255 3317 342 3404 regis
370 3321 511 3384 aetatem
540 3317 618 3403 (fuit
644 3318 744 3403 enim,
770 3321 808 3382 ut
834 3317 992 3401 scriptum
1015 3317 1118 3401 video,

121 3397 358 3487 Arganthonius
386 3405 517 3489 quidam
540 3406 698 3489 Gadibus,
725 3405 781 3489 qni
807 3405 977 3492 octoginta
1003 3424 1118 3492 regna·

122 3485 164 3552 vit
197 3512 312 3576 annos,
347 3497 477 3560 centum
512 3493 631 3580 viginti
666 3491 764 3578 vixit)
797 3528 840 3542 -
872 3493 929 3558 sed
965 3489 1045 3557 mihi
1076 3510 1118 3554 ne
