2578 3950
392 191 468 248 csP.
487 199 584 249 e-rr.
616 198 764 259 saa-au.
1018 195 1082 261 175

83 355 297 440 cupiditatem,
327 353 521 439 in'optimis
549 353 730 438 quibusque
757 353 891 420 honoris
918 359 1082 423 certamen

83 447 110 508 et
137 443 276 530 gloriae;
307 464 347 507 ex
379 463 442 526 quo
469 441 657 508 inimicitias
685 443 843 509 maximas
871 465 967 529 saepe
995 445 1082 510 inter

81 530 286 597 amicissimos
315 530 487 596 exstitisse.
532 529 653 616 Magna
681 529 780 596 etiam
803 531 937 598 discidia
960 536 993 598 et
1015 534 1082 619 ple
1099 551 1133 602 eo

80 641 205 705 rumque
219 619 308 684 iusta
320 617 420 702 nasci,
437 640 511 685 cum
525 618 648 702 aliquid
662 617 703 683 ab
719 619 839 704 amicis,
857 620 944 704 quod
956 625 1081 686 rectum

59 725 137 774 cnon
158 710 260 793 esset,
286 707 522 792 postularetur,
550 709 589 773 ut
611 710 668 772 aut
691 706 835 772 libidinis
858 707 1002 774 ministri
1024 714 1082 777 aut

80 797 235 862 adiutores
269 798 378 862 essent
410 795 451 860 ad
481 794 649 878 iniuriam3
681 795 768 879 quod
798 795 854 880 qui
885 801 1083 882 recusarent,

80 884 219 969 quamvis
242 883 379 950 honeste
401 882 435 948 id
456 882 615 966 facerent,
637 883 688 948 ius
710 887 822 950 tamen
844 885 1007 952 amicitiae
1029 885 1081 950 de·

80 994 173 1038 serere
192 975 409 1058 arguerentur
427 971 469 1036 ab
487 972 537 1055 iis,
555 971 672 1055 quibus
686 971 823 1057 obsequi
835 974 970 1041 nollent
998 973 1080 1040 Illos

80 1065 186 1140 autem
206 1061 265 1145 qui
283 1059 410 1144 quidvis
430 1059 472 1124 ab
489 1059 592 1126 amico
607 1059 763 1126 auderent
775 1063 951 1147 postulare,
969 1067 1080 1148 postu·

52 1167 69 1206 ιο
79 1149 191 1216 latione
214 1149 290 1234 ipsa
311 1148 459 1236 profiteri
482 1148 591 1214 omnia
609 1169 643 1213 se
662 1147 757 1214 amici
775 1171 873 1216 causa
891 1171 961 1216 esse
979 1151 1080 1217 factu-

79 1259 132 1302 ros.
174 1236 303 1304 Eorum
331 1237 463 1320 querela
489 1237 671 1303 inueterata
696 1257 764 1301 non
790 1237 886 1303 modo
913 1238 1080 1305 familiari-

79 1329 153 1391 tates
171 1324 340 1410 exstingui
357 1325 470 1407 solere,
489 1324 546 1390 sed
564 1325 638 1390 odia
655 1324 756 1390 etiam
769 1324 862 1410 gigni
874 1327 1080 1411 sempiterna.

79 1413 157 1480 Haec
169 1415 220 1480 ita
234 1414 341 1479 multa
355 1413 449 1497 quasi
461 1413 532 1478 fata
545 1412 717 1515 inpendere
736 1412 897 1497 amicitiis,
915 1417 953 1478 ut
972 1415 1081 1480 omnia

80 1502 297 1588 subterfugere
314 1521 382 1568 nou
398 1501 495 1567 modo
514 1501 701 1586 saprentiae,
720 1500 777 1568 sed
794 1501 894 1568 etiam
911 1501 1080 1568 felicitatis

54 1606 72 1646 1⁵
84 1590 192 1656 diceret
216 1590 283 1655 sibi
305 1589 416 1654 videri.

136 1677 242 1755 Quam
260 1678 304 1743 ob
327 1699 396 1744 rem
413 1677 447 1742 id
464 1677 606 1762 primum
624 1677 799 1762 videamus,
822 1679 851 1744 si
868 1679 985 1764 placet,
1003 1663 1133 1789 qua-13}

81 1770 163 1832 tenus
186 1788 282 1834 amor
304 1765 340 1830 in
361 1765 507 1832 amicitia
533 1765 686 1852 progredi
713 1765 838 1832 debeat.
883 1765 1025 1846 Numae,
1052 1768 1082 1832 si

82 1853 263 1921 Coriolanus
286 1853 402 1920 habuit
421 1854 556 1938 amicos,
577 1853 662 1918 ferre
684 1858 798 1920 contra
820 1855 962 1938 patriam
990 1878 1082 1921 arma

82 1942 122 2006 illi
142 1966 215 2010 cum
234 1941 412 2010 Coriolano
435 1941 637 2009 debuerunt?
659 1963 737 2006 num
759 1940 962 2008 Vecellinum
984 1943 1081 2008 amici

55 2046 205 2117 teregnum
230 2031 447 2117 adpetentem,
468 2052 547 2096 num
570 2028 723 2095 Maelium
747 2029 926 2095 debuerunt
948 2030 1081 2096 iuvare?

83 2117 141 2184 lib.
175 2119 310 2205 quidem
342 2117 523 2186 Gracchum
554 2140 624 2184 rem
659 2117 824 2204 publicam
856 2121 1028 2186 vexantem
1061 2137 1132 2187 aet

83 2204 112 2282 (l.
130 2207 302 2276 Tuberone
325 2207 577 2292 aequalibusque
601 2206 713 2272 amicis
740 2206 930 2272 derelictum
952 2207 1081 2274 uideba-

83 2316 151 2362 mus.
181 2298 231 2362 At
245 2295 282 2363 O.
295 2294 444 2362 Blossius
458 2294 631 2380 Cumanus,
649 2295 769 2381 hospes
786 2294 931 2361 familiae
945 2299 1082 2382 vestrae,

83 2379 236 2469 Scaevola,
255 2406 355 2470 quom
374 2383 415 2450 ad
428 2405 489 2468 me,
503 2383 589 2467 quod
603 2383 734 2449 aderam
747 2381 884 2450 Laenati
902 2387 935 2449 et
949 2383 1081 2470 Rupilio

56 2474 259 2540 sconsulibus
284 2472 319 2539 in
341 2472 489 2556 consilio,
517 2471 723 2557 deprecatum
745 2473 901 2557 venisset,
924 2472 1022 2556 hano,
1044 2476 1081 2536 ut

84 2560 135 2625 sibi
159 2563 378 2649 ignoscerem,
410 2581 541 2627 eausam
572 2557 752 2645 adferebat,
784 2560 871 2644 quod
897 2561 984 2626 tanti
1009 2559 1080 2626 Tib.

84 2646 255 2718 Gracchum
272 2648 413 2732 fecisset,
435 2652 483 2733 ut,
505 2647 660 2732 quidquid
677 2648 734 2714 ille
752 2648 862 2730 vellet,
884 2648 948 2713 sibi
964 2647 1081 2713 facien-

84 2735 147 2804 dum
168 2742 312 2825 putaret.
357 2736 441 2805 Tum
464 2758 539 2823 ego:
563 2735 770 2819 ‘Etiamne
793 2734 826 2800 si
848 2738 886 2799 te
908 2735 948 2799 in
970 2734 1081 2818 (lapi-

83 2826 210 2894 tolium
233 2826 340 2893 iaces
363 2825 465 2890 ferre
487 2824 646 2890 vellet?
689 2821 944 2906 ‘Numquam',
966 2821 1082 2908 inquit,

57 2909 283 2982 ³⁰‘soluissct
305 2914 343 2980 id
366 2912 529 2998 quidem3
557 2913 621 2977 sed
649 2913 682 2976 si
703 2911 911 2995 voluisset,
933 2911 1081 2995 paruis·

84 3002 168 3069 sem’
199 3001 341 3088 Videtis,
359 3024 456 3087 quam
474 3001 599 3066 nefaria
616 3002 692 3066 voxl
728 2999 773 3066 Ec
790 2999 921 3067 hercule
938 2998 987 3064 ita
1003 2998 1082 3064 fecit

83 3091 125 3154 vel
146 3093 222 3178 plus
246 3091 354 3174 etiam,
378 3112 475 3175 quam
499 3089 593 3171 dixit3
619 3109 687 3154 nou
713 3089 799 3155 euim
825 3085 936 3173 paruit
958 3086 1015 3150 ille
1033 3085 1081 3150 Ti.

84 3174 212 3248 Gracchi
235 3179 423 3264 temeritati,
445 3178 501 3244 sed
519 3175 668 3262 praefluit,
690 3198 750 3244 nec
768 3198 803 3242 se
823 3175 975 3242 comitem
992 3173 1081 3239 illius

83 3263 201 3354 turcus,
221 3268 279 3333 sed
296 3268 408 3335 ducem
426 3266 584 3352 praebuit.
616 3263 731 3349 Itaque
749 3264 811 3330 hac
829 3262 972 3329 amentia
988 3283 1082 3346 quae·

57 3354 179 3422 ustione
201 3378 288 3422 nova
311 3354 502 3442 perterritus
525 3353 560 3418 in
582 3353 697 3419 Asiam
719 3351 882 3438 profugit,
905 3350 947 3418 ad
968 3351 1081 3417 hostes

85 3460 113 3504 se
133 3444 281 3527 contulit,
302 3465 424 3529 poenas
447 3442 494 3508 rei
515 3442 669 3528 publicae
688 3461 803 3528 graves
825 3440 992 3524 iustasque
1012 3461 1082 3525 per·

85 3530 181 3598 solvit.
227 3531 329 3599 Nulla
355 3537 405 3600 est
431 3531 533 3617 igitur
560 3531 724 3599 excusatio
754 3529 893 3616 peccati,
925 3530 953 3594 si
986 3525 1082 3594 amici
