2492 3946
350 175 418 230 nm.
439 176 459 230 1.
488 175 564 232 cAP.
583 182 626 246 aa,
645 183 687 234 ιι.
716 183 863 244 sie-ae.
1068 177 1110 242 29

102 336 243 422 reperias
267 337 405 419 multos,
433 338 549 420 quibus
577 337 759 422 periculosa
786 343 820 403 et
846 338 952 404 calida
974 338 1112 404 consilia

102 425 220 508 quietis
243 428 277 489 et
299 425 453 510 cogitatis
483 426 701 510 splendidiora
728 430 761 492 ct
784 427 908 492 maiora
930 425 1110 493 videantur.

100 511 289 596 Numquam
316 515 448 577 omnino
480 514 615 599 periculi
646 515 726 601 fuga
757 514 1023 582 committendum
1052 517 1111 595 est,
1130 528 1163 580 83

100 604 137 665 ιιι
163 601 302 666 inbelles
331 601 501 685 timidique
527 601 707 684 videamur,
735 602 791 666 sed
817 602 1006 688 fugiendum
1029 602 1111 667 illud

73 689 209 773 seciam,
231 710 273 753 ne
292 689 465 754 offeramus
482 710 543 754 nos
561 690 712 774 periculis
731 691 801 756 sine
824 711 930 771 causa,
953 712 1017 774 quo
1041 711 1111 754 esse

99 776 182 840 nihil
200 781 313 861 potest
331 777 473 841 stultius.
509 776 714 862 Quapropter
731 779 766 843 in
784 778 937 844 adeundis
958 778 1111 862 perieulis

101 865 300 930 consuetudo
318 864 478 929 imitanda
495 866 692 931 medicorum
710 871 769 950 cst,
793 866 848 950 qui
866 867 982 931 leviter
1001 887 1111 952 aegro-

100 955 209 1017 tantes
232 952 351 1018 leniter
374 956 497 1036 curant,
523 953 726 1038 gravioribus
751 959 859 1020 autem
882 953 1005 1022 morbis
1029 953 1111 1038 peri·

100 1041 227 1105 oulosas
238 1040 421 1106 curationes
432 1045 464 1105 et
474 1041 631 1126 ancipites
646 1042 798 1107 adhibere
812 1048 981 1128 eoguntur.
1005 1041 1111 1117 Quare

65 1128 338 1212 1ointranquillo
361 1133 591 1213 tempestatem
619 1130 788 1195 adversam
815 1135 930 1215 optare
954 1130 1111 1195 dementis

101 1220 159 1298 est,
182 1216 356 1281 subvenire
374 1221 484 1281 autem
501 1219 691 1303 tempestati
710 1218 823 1301 quavis
842 1219 968 1284 ratione
987 1218 1111 1302 sapien-

100 1306 153 1387 tis,
175 1325 280 1389 eoque
303 1305 419 1390 magis,
442 1305 470 1368 si
493 1306 567 1389 plus
591 1305 769 1390 adipiscare
792 1327 827 1369 re
850 1305 1011 1389 explicata
1033 1305 1112 1370 boni

102 1415 199 1476 quam
218 1391 390 1458 addubitat
375 1395 411 1457 ta
430 1393 517 1457 mali.
545 1391 749 1458 Periculosae
768 1396 876 1458 autem
890 1414 998 1457 rerum
1014 1392 1111 1458 actio·

101 1502 156 1544 nes
175 1480 357 1564 partimus
377 1485 461 1564 sunt,
485 1481 541 1566 qui
559 1503 613 1546 eas
633 1481 821 1566 suscipiunt,
843 1481 966 1566 partim
990 1479 1038 1544 rei
1055 1502 1112 1564 pu·

67 1584 90 1624 ιι
102 1568 215 1634 blicae
260 1567 425 1668 Itemque
436 1569 493 1633 alii
521 1569 668 1654 detrita,
698 1570 755 1634 alii
778 1569 816 1634 de
840 1569 1002 1656 gloriaet
988 1567 1112 1634 tbeni·

101 1656 246 1722 volentia
270 1656 389 1721 civium
416 1657 451 1722 in
478 1657 651 1722 discrimen
677 1661 843 1724 vocantur.
888 1655 1111 1741 Promptiores

100 1745 204 1830 igitur
223 1743 377 1809 debemus
396 1765 465 1810 esse
486 1745 526 1809 ad
544 1748 658 1810 nostra
675 1746 820 1830 pericula
843 1767 939 1829 quam
964 1745 1004 1810 ad
1028 1766 1111 1810 oom-

100 1832 214 1898 munia
231 1830 447 1916 dimicareque
465 1834 611 1916 paratius
631 1833 669 1898 de
688 1834 810 1898 honore
829 1838 862 1896 et
885 1833 990 1919 gloria
1014 1855 1111 1916 quern

102 1922 140 1985 de
162 1919 281 1985 ceteris
305 1920 493 1985 commodis

67 2024 90 2064 ιο
166 2007 298 2072 Inventi
316 2012 425 2072 autem
448 2008 544 2073 multi
562 2012 646 2092 sunt,
665 2008 805 2092 quinon
824 2006 919 2073 modo
933 2006 1111 2090 pecuniam,
1131 2025 1165 2075 84

103 2097 215 2162 sedt
181 2096 282 2161 etiam
305 2095 407 2160 vitam
434 2095 628 2181 profundere
650 2118 710 2182 pro
733 2119 776 2181 pa
778 2096 841 2161 tria
863 2095 972 2183 parati
944 2098 1112 2176 tessent,

101 2184 201 2249 iidem
228 2183 353 2270 gloriae
383 2184 542 2249 iacturam
569 2205 610 2248 ne
642 2184 812 2250 minimam
845 2183 974 2269 quidem
1005 2145 1112 2248 faeere

101 2272 239 2354 vellent,
269 2293 310 2336 ne
337 2292 373 2336 re
399 2272 530 2355 publica
557 2271 686 2355 quidem
715 2294 775 2358 pos
777 2273 885 2338 tultan
871 2274 987 2354 et3ut
949 2269 1113 2337 uthlli·

102 2321 254 2441 cratida's
277 2359 334 2443 qui
356 2381 429 2424 cum
451 2359 778 2426 Lacedaemoniorum
802 2360 865 2424 dux
886 2359 1003 2425 fuisset
1021 2358 1112 2424 Pelo-

68 2447 299 2534 sponnesiaco
322 2447 408 2547 bello
431 2448 515 2512 mult
501 2453 598 2533 taque
620 2447 751 2514 fecisset
778 2447 922 2534 egregie,
948 2467 1032 2513 verr
1007 2446 1048 2511 tit
1072 2447 1113 2512 ad

104 2541 284 2602 extremum
307 2534 424 2618 omnia,
447 2535 678 2601 cumconsilio
701 2558 766 2601 non
784 2537 894 2621 paruit
913 2556 1033 2616 eorum,
1057 2535 1113 2618 qui

103 2626 241 2690 classem
260 2623 302 2686 ab
321 2622 495 2708 Arginusis
518 2623 746 2689 removendam
768 2646 827 2688 nee
845 2645 918 2688 cum
937 2585 1113 2686 Atheirien·

104 2713 193 2778 sibus
209 2711 426 2776 dimicandum
443 2711 617 2796 putabant3
636 2710 753 2794 quibus
767 2711 822 2776 ille
836 2709 1004 2794 respondit
1017 2707 1113 2774 Lace

105 2799 292 2866 daemonias
320 2799 424 2864 classe
451 2799 510 2864 illa
533 2799 654 2864 amisse
677 2799 777 2864 aliam
799 2818 915 2883 parare
937 2817 1047 2881 posse,
1078 2817 1113 2862 se

70 2887 268 2974 ungere
242 2908 311 2951 sme
335 2908 393 2951 suo
416 2886 569 2952 dedecore
591 2907 658 2951 non
679 2906 784 2971 posse.
821 2885 929 2969 Atque
947 2885 1027 2950 haec
1047 2885 1113 2969 qui-

105 2977 177 3042 dem
191 2974 454 3040 Lacedaemoniis
469 2976 569 3060 plaga
584 2974 763 3058 mediocris,
780 2974 840 3038 illa
857 2975 943 3058 pesti
931 2972 1022 3056 isera,
1040 2994 1113 3057 qua,

105 3086 177 3130 enm
200 3061 428 3128 Cleombrotus
456 3063 611 3128 invidiam
638 3062 757 3128 timens
785 3066 906 3127 temere
934 3082 1007 3126 oum
1029 3059 1145 3145 Epa·

105 3151 258 3218 minanda
272 3149 478 3234 conflixisset,
490 3149 817 3216 Lacedaemoniorum
827 3170 904 3235 opes
914 3153 1113 3214 corruerunt

106 3239 235 3317 Quanto
258 3237 295 3314 Q.
318 3237 479 3304 Maximus
503 3238 632 3304 melius!
656 3239 695 3303 de
719 3260 782 3322 quo
805 3237 944 3303 Ennius:

73 3342 95 3384 ιι
149 3327 255 3393 Unus
278 3327 390 3391 homo
412 3326 525 3392 nobis
549 3327 762 3392 cunctando
785 3325 965 3394 restituit
987 3347 1072 3393 rem.

149 3414 322 3482 Noenum
344 3436 517 3480 rumores
540 3415 704 3500 ponebat
727 3418 815 3480 ante
838 3415 1014 3480 salutem.

148 3503 253 3590 Ergo
266 3501 1113 3589 postquemagisquevirinunogloriaelaret.
