2578 3950
482 165 557 220 OAP.
579 173 656 223 1-3.
692 173 708 234 5
728 173 804 224 1-8.
1080 166 1147 232 215

139 347 214 397 vere
237 329 355 411 potest.
401 324 504 392 Omne
527 330 649 412 autem,
677 327 763 411 quod
786 327 945 414 gignitur,
975 329 1146 412 exaliqua

139 435 237 483 causa
262 414 353 499 gigni
370 434 500 482 necesse
519 419 582 498 est3
604 415 726 481 nullius
746 417 831 480 enim
845 416 892 480 rei
906 437 1003 482 causa
1021 420 1146 482 remota

138 502 274 587 reperiri
288 502 381 587 origo
394 506 514 586 potest.
546 501 702 578 Quocirca
716 504 795 588 siis,
815 505 870 588 qui
884 503 1015 589 aliquod
1029 521 1181 571 munusl

139 589 266 656 efficere
288 590 384 655 molit
369 594 433 674 tur,
455 612 527 657 cam
549 592 696 676 speciem,
715 613 797 676 quae
816 613 943 677 semper
961 592 1072 658 eadem
1088 597 1146 678 est,

111 697 125 737 ι
139 678 319 744 mtueb1tur
338 680 435 761 atque
449 679 482 744 id
497 679 560 744 sibi
573 683 733 779 proponet
748 681 920 764 exemplar,
943 683 1145 782 praeclarum

140 788 221 852 opus
244 764 365 832 efficiat
387 788 517 834 necesse
540 771 603 848 ast3
626 767 809 837 sinautem
832 789 913 852 eam,
937 789 1018 852 quae
1040 770 1143 854 gigni

138 859 206 938 ὴιιι,
231 875 408 938 numquam
436 855 542 938 illam,
576 877 674 938 quam
701 858 843 941 expetet,
870 855 1145 942 pulchritudinem

130 946 362 1025 consequetur.
408 941 542 1008 Omne
533 943 635 1028 igitur
658 944 831 1010 caelum
805 966 873 1010 sive
896 944 1048 1029 mundus,
1078 946 1146 1010 sire

139 1051 203 1114 quo
237 1029 301 1096 alio
336 1031 494 1098 vocabulo
523 1030 657 1132 gaudet,
684 1032 746 1098 hoc
773 1054 793 1097 a
819 1032 914 1098 nobis
940 1037 1145 1118 nuncupatus

97 1119 249 1182 rosit-
278 1118 404 1202 dequo
430 1119 633 1205 idprinrum
663 1119 916 1204 consideremus,
949 1121 1034 1204 quod
1060 1122 1146 1206 prin·
1165 1134 1181 1184 ε

139 1207 224 1290 cipio
257 1207 347 1272 θεὴ
337 1228 373 1271 ιιι
401 1207 489 1272 omni
523 1207 713 1291 quaestione
749 1208 1029 1291 considerandum,
1067 1231 1146 1274 sem-

138 1315 250 1467 ppirppo
268 1293 856 1468 fthhlhtorllsfflplliuhiqlaetrullullrhllulst
850 1297 1147 1468 a:nqriiinlllrqlriildelli

139 1470 281 1535 cernitur
304 1474 337 1534 et
354 1469 502 1558 tangitur
521 1476 554 1536 et
573 1475 622 1545 θεὴ
640 1471 781 1556 undique
796 1475 998 1556 corporatus.
1030 1470 1147 1538 Omnia

97 1575 125 1618 ιι
140 1561 249 1624 autem
272 1558 354 1623 talia
375 1581 505 1625 sensum
523 1564 664 1643 movent,
687 1581 863 1644 sensusque
881 1559 1046 1625 moventia
1064 1581 1146 1644 quae

140 1651 227 1730 eunt,
240 1645 352 1712 eadem
365 1645 400 1714 in
411 1647 599 1732 opinatione
609 1648 792 1731 considunt3
807 1669 889 1732 quae
904 1651 1012 1714 ortum
1026 1648 1155 1713 habere·

140 1733 295 1820 gignique
318 1734 467 1817 diximus,
490 1735 572 1801 nihil
592 1739 701 1802 autern
719 1735 812 1821 gigni
829 1739 925 1820 posse
945 1736 1013 1801 sine
1031 1737 1145 1801 causis.

139 1822 249 1905 Atque
271 1821 366 1889 illum
381 1822 510 1906 quidem
525 1823 618 1906 quasi
631 1828 799 1908 parentem
812 1823 909 1887 huius
922 1825 1145 1890 universitatis
1165 1839 1181 1887 o
1284 1853 1285 1860 ι

139 1909 284 1974 invenire
312 1909 443 1975 difficile
471 1915 518 1993 et,
549 1932 621 1976 oum
649 1910 715 1974 iam
741 1910 917 1992 inveneris,
943 1909 1085 1977 indicare
1111 1912 1147 1976 iu

4 2019 5 2030 ¹
99 2016 126 2056 ιο
140 1999 257 2084 uulgus
280 1998 380 2064 nefas.
417 1997 542 2062 Rursus
565 1997 667 2083 igitur
689 1997 869 2081 videndum,
892 1960 949 2063 ille
969 1998 1108 2063 fabricat
1094 2003 1147 2064 tor

4 2095 5 2174 ]
140 2085 317 2152 huiustan
275 2086 474 2171 antioperis
497 2089 608 2151 utrum
630 2086 675 2150 sit
697 2086 844 2176 imitatus
867 2086 1040 2170 exemplar,
1063 2086 1146 2170 idne,

4 2183 6 2204 '
141 2172 226 2258 quod
246 2195 373 2259 semper
394 2195 495 2240 unum
517 2179 547 2240 et
567 2173 653 2238 idem
676 2178 709 2238 et
730 2169 782 2238 sui
802 2174 916 2275 simile,
938 2195 982 2239 an
999 2173 1043 2237 id
1033 2175 1147 2258 ,quod

140 2266 332 2347 generatum
360 2265 532 2365 ortumque
560 2261 704 2327 dicimus
748 2259 852 2346 Atqui
880 2263 908 2326 si
935 2262 1068 2347 pulcher
1095 2267 1146 2327 est

4 2381 5 2394 ι
139 2349 193 2414 hic
214 2349 351 2416 mundus
371 2354 404 2416 et
422 2350 451 2414 si
468 2351 636 2435 probus'
610 2371 677 2415 θιιιε
696 2349 822 2434 artifex,
839 2349 986 2435 profecto
1005 2350 1146 2435 speciem

99 2454 126 2496 ιε
142 2437 344 2504 aeternitatis
366 2438 490 2504 imitari
516 2437 645 2521 maluit,
673 2438 724 2502 sin
751 2458 856 2521 secus,
886 2436 1034 2522 quodne
1058 2436 1145 2503 dictu

141 2525 270 2609 quidem
292 2524 412 2590 fast
362 2529 412 2591 θεὴ
419 2528 641 2611 ,generatum
664 2526 845 2626 exemplum
867 2530 917 2590 θεὴ
935 2547 994 2626 pro
1014 2529 1144 2592 aeterno

140 2617 278 2680 secutus.
322 2611 398 2679 Non
419 2576 522 2699 igitur
545 2613 691 2697 dubium,
718 2613 796 2696 quin
826 2613 1052 2678 aeternitatem
1079 2635 1145 2678 ma·
1165 2629 1180 2678 ι

140 2701 239 2766 luerit
260 2702 401 2786 exsequi,
423 2699 682 2785 quandoquidem
703 2721 807 2784 neque
830 2700 950 2765 mundo
973 2701 1146 2784 quicquam

139 2788 306 2873 pulchrius
324 2810 428 2874 neque
442 2789 510 2854 eius
525 2788 673 2854 aedificat
658 2792 729 2854 tore
742 2791 853 2873 praest
854 2791 911 2854 ant
912 2788 971 2852 ius
996 2785 1053 2852 Sic
1068 2807 1145 2873 ergo

98 2881 314 2962 regeneratus
337 2877 378 2942 ad
398 2876 496 2944 idest
514 2877 646 2942 effectus
648 2876 760 2960 ,quod
779 2876 904 2941 ratione
923 2874 1146 2960 sapientiaque

140 2964 372 3048 conprehendit
373 2987 412 3029 ιιι
426 2969 523 3048 atque
538 2926 730 3030 aeternitate
748 2963 935 3029 inmutabili
953 2963 1145 3029 continetur.

4 3059 6 3080 '
139 3051 190 3116 Ex
214 3073 278 3136 quo
301 3052 450 3136 efficitur,
472 3057 509 3117 ut
533 3053 576 3117 sit
598 3073 727 3119 necesse
745 3053 839 3136 hunc,
862 3072 958 3136 quem
976 3051 1146 3134 cernimus,

140 3162 173 3204 m
219 3140 295 3207 dum
322 3140 531 3208 simulacrum
558 3144 725 3206 aeternum
752 3161 823 3204 θεεθ
851 3139 999 3205 alicuius
1014 3139 1146 3203 aeterni.

138 3227 182 3292 Di
220 3229 377 3295 cillimum
416 3232 526 3294 autem
562 3232 612 3293 θεὴ
644 3227 678 3292 in
709 3228 798 3292 omni
830 3226 1065 3310 conquisitione
1098 3245 1147 3290 ra·

99 3331 126 3374 ιι
140 3315 240 3381 tionis
262 3316 438 3382 exordium.
482 3315 532 3382 Da
554 3315 595 3380 iis
622 3315 737 3401 igitur,
770 3337 851 3400 quae
883 3314 1035 3397 diximus,
1066 3313 1146 3379 haec

4 3469 5 3488 ,
141 3404 184 3468 sit
207 3403 313 3488 prima
331 3402 506 3470 distinctio.
538 3401 635 3470 Omni
658 3402 799 3469 orationi
821 3424 894 3469 cum
916 3403 956 3467 iis
977 3402 1084 3487 rebus,
1108 3401 1146 3467 de

4 3509 5 3526 ¹
140 3490 257 3575 quibus
281 3491 429 3576 explicat,
452 3490 580 3556 videtur
600 3512 671 3558 esse
689 3491 849 3576 cognatio.
880 3489 997 3576 Itaque
1015 3512 1089 3558 cum
1106 3489 1146 3554 da
