2512 3932
157 195 201 262 36
551 192 600 250 cs
620 189 771 248 orsrcns

156 361 192 424 et
217 357 325 424 iocum
346 355 427 422 facti
454 377 525 422 esse
547 354 726 438 videamur,
754 353 796 420 ad
823 352 1030 419 seueritatem
1057 351 1172 438 potius

157 451 193 512 st
214 445 256 511 ad
278 445 437 531 quaedam
459 444 569 511 studia
592 442 744 529 graviora
772 446 869 526 atqua
896 441 1030 506 maiora.
1077 439 1171 507 Ludo

158 537 268 601 autem
290 537 324 599 et
346 534 417 601 ioco
440 534 490 599 uti
511 533 570 598 illo
594 531 724 616 quidem
746 531 837 614 licet,
867 530 924 596 sed
946 528 1030 597 sicut
1053 551 1171 598 somno

154 627 192 688 et
210 623 373 707 quietibus
392 623 508 689 ceteris
525 626 606 705 tum,
628 641 702 686 cum
721 618 875 706 gravibus
895 617 1052 702 seriisque
1071 619 1171 684 rebus

156 711 432 778 satisfecerimus.
463 711 638 796 Ipsumque
653 729 755 794 genus
768 706 897 774 iocandi
914 727 981 774 non
998 705 1171 792 profusum
1198 724 1211 764 ⁵
1246 783 1247 788 ἵ

156 821 215 866 nec
232 799 471 884 immodestum,
494 799 550 864 sed
567 797 744 882 ingenuum
762 800 795 862 et
811 796 955 862 facetum
972 815 1044 860 asse
1065 794 1171 862 debet.
1246 805 1247 870 ἢ

156 887 204 954 111
226 889 312 954 enim
335 887 443 974 pueris
465 908 533 952 non
555 907 686 951 omnem
706 884 839 952 ludendi
860 883 1026 950 licentiam
1046 883 1171 969 damus,
1246 875 1247 940 Ῡ

158 976 214 1042 sed
236 998 318 1060 eam,
341 997 423 1060 quae
443 974 483 1040 ab
503 973 685 1040 honestatis
705 973 887 1040 actionibus
905 993 972 1038 non
991 973 1035 1037 sit
1053 973 1171 1056 aliena,
1246 965 1247 984 ¹

158 1064 204 1129 sio
230 1064 267 1128 in
292 1064 364 1150 ipso
387 1064 459 1130 ioco
483 1061 616 1147 aliquod
637 1062 733 1147 probi
754 1060 879 1147 ingenii
901 1060 1017 1130 lumen,
1034 1061 1171 1127 eluceat.
1246 1085 1247 1133 0

106 1165 156 1218 101
170 1151 300 1236 Duplex
326 1152 458 1218 omnino
487 1155 537 1217 est
564 1150 691 1216 iocandi
717 1170 834 1236 genus,
859 1171 961 1216 unum
987 1149 1170 1233 inliberale,
1185 1167 1210 1208 ιο
1246 1169 1247 1232 3

157 1241 319 1327 petulans,
337 1240 547 1326 flagitiosum,
566 1239 748 1321 obscenum,
762 1238 902 1304 alterurn
916 1239 1059 1325 elegans,
1074 1238 1171 1304 urba·

156 1351 249 1413 num,
279 1330 498 1418 ingeniosum,
528 1328 679 1395 facetum.
730 1326 801 1402 Quo
829 1348 946 1414 genere
972 1348 1040 1392 non
1072 1327 1170 1393 modo
1246 1351 1247 1426 1

156 1417 293 1485 Plautus
319 1421 432 1484 nostor
459 1421 493 1484 et
519 1417 706 1483 Atticorum
733 1415 869 1501 antiqua
899 1415 1081 1500 comoedia,
1114 1415 1171 1482 scd
1246 1431 1247 1485 l

157 1508 258 1574 etiarn
284 1507 556 1593 philosophorum
578 1503 817 1571 Socraticorum
845 1505 923 1570 libri
945 1505 1059 1572 referti
1082 1511 1171 1591 sunt,

157 1597 324 1679 multaque
347 1596 525 1661 multorum
547 1592 651 1659 facete
674 1594 774 1679 dicta,
800 1597 838 1659 ut
861 1615 912 1676 ea,
942 1616 1025 1679 quae
1048 1617 1068 1659 a
1092 1617 1170 1661 senc
1184 1611 1209 1654 rs
1246 1609 1247 1614 ¹

156 1682 282 1750 Catone
294 1683 432 1749 collecte
446 1686 530 1766 sunt,
544 1703 626 1766 quae
639 1686 758 1748 vocant
772 1677 1024 1768 ἀποφθέγματα.
1045 1682 1169 1750 Facilis
1246 1721 1247 1774 p

155 1771 333 1858 igiturest
355 1771 520 1838 distinctio
543 1771 676 1857 ingenui
699 1773 732 1836 et
756 1770 937 1837 inliberalis
960 1771 1031 1838 ioci.
1072 1772 1171 1840 Alter
1246 1781 1247 1864 l

156 1863 220 1944 est,
248 1859 277 1924 si
299 1863 447 1946 tempore
471 1859 525 1946 fit,
551 1863 589 1925 ut
617 1859 646 1924 si
672 1859 959 1944 remisso'auimo,
983 1863 1171 1944 9110190110
1246 1871 1247 1944 l

156 1947 287 2014 homine
310 1949 438 2035 dignus,
459 1949 544 2015 alter
565 1969 606 2014 ne
629 1948 733 2014 libero
756 1947 895 2033 quidem,
918 1949 948 2014 si
969 1970 1079 2014 rerum
1101 1955 1170 2016 tur·
1246 1949 1247 2040 l

155 2036 297 2122 pitudini
311 2037 483 2105 adhibetur
496 2037 670 2104 verborum
684 2037 877 2102 obscenitas.
906 2036 1051 2102 Ludendi
1067 2039 1169 2104 etiam
1184 2055 1209 2096 2⁰
1246 2045 1247 2112 ἶ

155 2129 207 2190 est
230 2124 363 2209 quidam
385 2125 500 2191 modus
517 2125 714 2209 retinendus,
735 2129 774 2191 ut
789 2146 832 2190 ne
849 2125 947 2190 nimis
966 2126 1077 2190 omnia
1094 2149 1169 2212 pro-
1246 2165 1247 2172 1

150 2212 329 2278 ¹fundamus
352 2213 494 2298 elatique
515 2215 683 2299 voluptate
704 2213 740 2278 in
762 2214 905 2298 aliquam
929 2214 1169 2300 turpitudinem
1246 2207 1247 2274 3

154 2300 356 2367 delabamur.
401 2299 615 2387 Suppeditant
643 2305 752 2368 autem
779 2306 813 2367 et
840 2324 973 2387 campus
997 2307 1111 2369 noster
1134 2308 1169 2368 et

104 2388 266 2512 30studia
287 2389 427 2456 venandi
448 2390 587 2455 honesta
610 2391 758 2475 exempla
779 2390 920 2456 ludendi.
1246 2403 1247 2468 l

105 2524 155 2574 105
223 2475 286 2543 Sed
303 2478 446 2563 pertinet
464 2478 506 2542 ad
523 2499 653 2545 omnem
672 2478 770 2544 officii
792 2479 1015 2563 quaestionem
1038 2501 1169 2565 semper
1183 2496 1209 2537 2⁵
1246 2473 1247 2554 1

156 2566 191 2631 in
204 2569 359 2652 promptu
372 2566 502 2652 habere,
521 2569 679 2650 quantum
700 2572 820 2632 natura
832 2567 974 2632 hominis
988 2568 1167 2652 pecudibus
1246 2565 1247 2644 1

155 2655 352 2740 reliquisque
375 2654 480 2721 beluis
508 2654 690 2739 antecedat,
720 2655 798 2722 illae
820 2656 902 2721 nihil
930 2655 1077 2721 sentiunt
1102 2657 1169 2722 nisi
1246 2683 1247 2722 l

155 2745 359 2830 voluptatem
382 2744 424 2809 ad
442 2765 577 2828 eamque
594 2743 744 2809 feruntur
764 2744 853 2810 omui
870 2744 1004 2828 impetu,
1022 2743 1167 2810 hominis

154 2836 265 2898 autem
288 2853 380 2898 mens
403 2832 553 2898 discendo
578 2831 678 2898 alitur
699 2836 733 2897 et
756 2833 940 2918 cogitando,
963 2853 1091 2917 semper
1109 2834 1168 2898 uli-
1246 2833 1247 2904 ξ

156 2921 233 3006 quid
256 2925 313 2986 aut
336 2920 481 3005 anquirit
503 2923 561 2986 ent
583 2921 653 3006 agit
675 2919 868 3004 videndique
891 2924 924 2986 et
944 2920 1095 2986 audiendi
1113 2922 1168 2986 ds
1183 2937 1210 2980 ao
1246 2911 1247 2992 l

154 3009 329 3074 lactatione
352 3009 488 3075 ducitur.
534 3007 618 3084 Quin
640 3009 754 3092 etiam,
781 3011 810 3072 si
834 3009 906 3094 quis
929 3013 980 3074 est
1001 3010 1101 3094 paulo
1125 3010 1169 3076 ad
1246 3027 1247 3092 ,

154 3099 343 3183 voluptates
361 3096 561 3185 propensior,
579 3097 676 3163 modo
693 3118 736 3162 ne
755 3097 799 3162 sit
818 3119 856 3163 ex
869 3098 1028 3182 pecudum
1046 3119 1167 3184 genere
1246 3105 1247 3162 l

154 3183 247 3272 (sunt
270 3186 356 3252 anim
379 3185 511 3271 qnidam
533 3185 681 3250 homines
702 3206 770 3251 uon
792 3206 836 3270 re,
859 3185 916 3251 sed
932 3185 1087 3272 nomine),
1108 3187 1169 3251 sed

156 3274 185 3339 si
208 3274 280 3358 quis
299 3278 349 3339 est
367 3273 466 3360 paulo
485 3273 631 3357 erectior,
654 3274 803 3358 quamvis
820 3275 990 3359 uoluptate
1009 3274 1167 3360 capiatur,

155 3362 299 3428 occultat
318 3365 364 3426 Ι01
396 3362 581 3428 dissimulat
608 3362 791 3446 appetitum
817 3362 998 3447 voluptatis
1029 3366 1167 3448 propter
1181 3379 1209 3421 ss
1246 3395 1247 3398 =

103 3465 154 3517 100
168 3448 401 3516 verecundiam.
437 3448 488 3516 Ex
506 3467 570 3534 quo
584 3449 789 3536 intellegitur
802 3451 946 3535 corporis
961 3451 1167 3535 voluptatem
1246 3479 1247 3484 ¹

154 3536 330 3606 nonsatis
357 3558 427 3602 esse
455 3537 589 3623 dignam
615 3538 757 3603 hominis
783 3538 999 3623 praestantia,
1029 3559 1167 3623 eamque
