2578 3950
447 176 523 231 cnP.
542 182 568 246 e,
587 184 612 236 e.
650 183 798 244 aec-ee.
1065 179 1131 246 223

123 337 239 403 ...ius
257 342 375 404 natura
398 342 609 423 converterat,
627 343 665 404 ut
682 343 804 406 terrem
823 339 918 406 lunae
932 362 1044 408 cursus
1058 363 1129 427 pro·

121 426 208 492 xime
232 424 372 491 ambiret
399 426 491 510 eique
519 447 618 511 supra
645 431 765 494 terram
790 429 939 513 proxime
965 430 1045 496 eolis
1073 431 1130 494 cir·

122 513 302 581 cumrectio
335 517 428 578 esset.
479 513 608 580 Lucifer
641 515 753 580 deinde
781 519 815 580 ct
848 521 960 582 sancta
990 517 1131 582 Mercuri

122 602 220 666 stella
242 621 371 668 cursum
393 601 516 668 habent
541 603 620 669 solis
648 603 809 670 celeritati
831 625 957 688 parem,
984 605 1040 670 sed
1063 604 1130 670 vim

122 689 285 773 quandam
308 689 514 771 contrariam,
537 711 638 774 caque
661 691 915 775 concursatione,
936 711 1030 774 quom
1043 692 1130 760 iuter

94 796 157 843 sse
179 776 303 842 habent
325 776 467 860 Lucifer,
494 777 687 860 Mercurius,
713 779 778 863 sol,
806 778 863 844 alii
886 779 969 846 alios
997 779 1130 846 vincunt
1282 847 1283 850 ,

121 865 329 948 vicissimque
342 865 522 932 vincuntur.
553 865 765 951 Reliquorum
779 867 921 934 siderum
935 889 1018 952 quae
1032 889 1130 937 cauae
1148 883 1183 935 3ο
1282 889 1283 894 ’

121 952 302 1018 collocandi
328 951 441 1038 fucrit,
477 975 622 1038 quaeque
650 975 762 1026 eorum
794 955 837 1022 sit
868 955 1062 1038 conlocatio,
1094 956 1130 1022 in
1282 973 1283 998 ³

122 1061 304 1106 sermonem
327 1040 427 1106 alium
452 1040 661 1118 differendum
685 1046 749 1126 eet,
771 1064 812 1108 nc
835 1043 869 1107 in
892 1065 945 1128 co,
972 1044 1058 1128 quod
1082 1047 1129 1108 at

121 1128 312 1214 tingendum
325 1128 398 1212 fuit,
417 1151 514 1213 quem
528 1130 562 1194 in
577 1151 624 1212 eo,
638 1131 753 1214 quoius
768 1153 865 1196 ceusu
878 1130 912 1195 id
926 1131 1129 1218 attingimus,

81 1233 106 1273 ¹0
121 1217 252 1302 longior
274 1219 415 1301 ponatur
443 1217 557 1283 oratio.
604 1217 738 1293 Quando
765 1218 867 1304 igitur
890 1219 954 1284 sibi
981 1219 1129 1304 quodque

120 1325 233 1370 corum
256 1303 397 1370 siderum
420 1327 550 1371 cursum
572 1305 724 1372 decorum
747 1309 798 1370 est
817 1307 979 1391 adeptum,
1003 1329 1041 1372 ex
1060 1308 1128 1392 qui-

119 1393 182 1458 bus
205 1396 277 1458 erat
299 1393 413 1460 medus
437 1393 594 1478 temporis
618 1393 866 1479 consignandae,
889 1395 1128 1480 conligatisque

120 1480 311 1564 corporibus
338 1481 476 1547 vinculis
509 1481 704 1548 animalibus
737 1482 917 1548 animantia
948 1487 1021 1548 crta
1053 1487 1129 1550 sunt

121 1589 222 1652 eaque
244 1568 381 1652 imperio
404 1589 517 1653 perere
536 1569 728 1654 didicerunt,
755 1574 826 1636 tum
850 1591 888 1636 ex
916 1571 1051 1636 alterius
1073 1591 1128 1636 ne-

5 1687 10 1783 ι
79 1673 106 1715 re
121 1660 213 1722 turae
236 1656 379 1722 motione
401 1659 588 1722 tranercrea
610 1658 646 1722 in
669 1657 811 1724 eiusdem
839 1662 975 1725 naturae
1003 1662 1129 1725 motum

119 1743 319 1809 incurrentia
335 1743 370 1808 in
388 1765 489 1828 eaque
502 1743 671 1811 haerentia
685 1750 783 1831 atque
797 1747 951 1831 inpedita,
969 1768 1042 1812 cum
1061 1747 1128 1812 alia

121 1832 277 1896 maiorem
292 1832 472 1897 lustrarent
490 1833 612 1915 orbem,
636 1833 701 1898 elia
715 1833 882 1917 minorem,
901 1834 1025 1900 tardius
1045 1855 1128 1917 quae

5 1961 6 1988 ι
120 1920 286 2001 maiorem,
309 1919 444 1986 celerius
462 1941 545 2004 quae
564 1921 731 2004 minorem,
753 1925 845 1987 motu
862 1921 958 1986 unius
973 1921 1128 1986 eiusdem·

5 1999 6 2024 ³
121 2029 183 2092 que
205 2011 341 2072 naturae
365 2027 446 2092 quac
469 2008 672 2076 velocissime
694 2009 922 2092 movebantur,
950 2029 988 2073 ea
1018 2009 1127 2074 celcri-

80 2113 106 2153 ευ
120 2099 189 2160 tete
212 2095 297 2160 vinci
319 2117 340 2160 a
362 2095 562 2162 tardioribus
583 2100 626 2180 et,
648 2119 720 2162 cum
744 2097 955 2182 superabant,
981 2097 1128 2182 superari

120 2183 322 2248 videbantur.
367 2181 480 2250 Omnis
508 2184 593 2250 enim
623 2185 711 2250 orbis
740 2205 852 2252 eorum
883 2183 976 2268 quasi
1003 2184 1128 2250 helicae
1145 2200 1179 2249 31

120 2270 291 2336 inflexione
309 2272 467 2355 vertebat,
490 2272 566 2356 quie
584 2272 737 2339 bifariam
755 2272 918 2339 contrarie
936 2273 1033 2338 annul
1051 2293 1127 2358 pro-

5 2391 6 2450 }
120 2357 268 2424 cedentia
295 2358 492 2442 efficiebant,
522 2363 573 2444 ut,
600 2361 686 2444 quod
713 2365 799 2426 esset
826 2360 1064 2444 tardissimum,
1095 2360 1128 2425 id

5 2471 6 2488 ³
119 2447 303 2532 proximum
325 2447 418 2512 ficret
445 2447 621 2518 celerrimo.
666 2447 775 2532 Atque
802 2452 840 2514 ut
863 2453 949 2514 essct
976 2469 1129 2514 mensure

79 2552 106 2594 2⁵
121 2535 280 2621 quaedem
311 2535 455 2620 eridane,
491 2555 574 2620 quae
604 2535 640 2602 in
666 2539 741 2601 coto
768 2536 915 2602 cursibus
943 2536 1128 2602 celeritates

119 2624 355 2708 tarditatesque
378 2623 565 2707 declararet,
584 2622 660 2690 deus
683 2623 753 2708 ipse
777 2624 879 2688 solem
902 2624 995 2708 quasi
1018 2625 1129 2704 lumen

120 2711 265 2778 accendit
282 2711 324 2778 ad
342 2712 516 2778 secundum
535 2733 634 2795 supra
650 2715 773 2776 terram
787 2711 956 2793 ambitum,
974 2714 1126 2794 utquam

119 2800 259 2865 maxime
298 2801 423 2866 caelum
464 2799 614 2866 omnibus
654 2799 838 2864 conluceret
873 2798 1128 2883 animanteeque,

120 2888 237 2972 quibus
259 2887 309 2954 ius
332 2892 419 2954 esset
441 2887 557 2971 doceri,
580 2887 621 2952 ab
644 2886 787 2952 eiusdem
809 2888 903 2952 motu
926 2890 960 2952 et
982 2887 1024 2951 ab
1048 2888 1126 2971 cius,

119 2976 206 3061 quod
224 2975 331 3042 simile
349 2979 443 3060 esest,
465 2996 673 3042 numerorum
690 2979 842 3042 naturam
860 2974 990 3059 vimque
1010 2995 1127 3060 cogno-

5 3057 6 3094 i
119 3068 253 3130 socrant.
297 3062 371 3130 Nox
397 3063 499 3150 igitur
522 3067 554 3128 et
582 3063 649 3128 dies
677 3063 719 3129 ad
745 3062 831 3129 hunc
858 3062 990 3128 modum
1018 3066 1051 3126 ct
1084 3062 1125 3127 ob
1145 3077 1179 3126 aa

77 3169 105 3210 ω
118 3152 178 3219 has
211 3156 367 3238 generate
398 3173 512 3219 causas
542 3173 642 3218 unum
674 3151 877 3218 circumitum
909 3149 997 3217 orbis
1027 3148 1127 3215 efficit

120 3237 395 3326 sapientissimum
418 3243 515 3325 etque
534 3240 702 3325 optimum,
720 3239 840 3304 mensis
860 3241 979 3323 eutem,
997 3237 1126 3322 quando

118 3329 198 3395 luna
224 3329 366 3394 lustrato
397 3349 573 3394 succursu
600 3328 703 3394 solem
731 3330 903 3394 consecute
926 3329 990 3410 est,
1013 3347 1127 3411 mnus,

119 3417 176 3481 ubi
208 3417 259 3482 eol
289 3439 383 3482 auum
412 3420 518 3482 totum
549 3415 688 3482 confecit
719 3419 753 3481 ct
783 3415 973 3502 peragravit
1004 3416 1125 3481 orbem.

119 3501 312 3572 Ceterorum
330 3507 439 3572 eutem
458 3503 599 3571 siderum
613 3503 756 3572 ambitus
770 3504 959 3591 ignorantes
977 3502 1125 3571 homines
1144 3518 1149 3565 ι
