2504 3950
310 186 379 243 ΜΒ.
398 187 447 242 111.
485 187 560 244 css.
581 193 692 244 15-17.
729 194 877 255 sce-ce.
1038 188 1100 254 111

98 348 135 413 ad
155 347 254 413 fidem
276 348 397 414 bonam
420 347 538 414 statuit
559 349 721 433 pertinere
740 353 855 415 notum
874 371 944 414 csse
962 347 1102 433 emptori

96 436 218 520 vitium,
241 435 328 520 quod
345 440 457 502 nosset
473 436 631 504 venditor.
668 435 808 512 Quodsi
830 441 917 503 recte
938 436 1102 518 iudicavit,

95 546 158 589 non
178 527 269 589 recte
290 523 522 590 frumentarius
544 523 616 608 ille,
641 545 709 590 uon
735 528 824 590 recte¹
850 523 976 590 aedium
990 524 1101 609 -pesti-

96 611 231 678 lentium
259 611 408 678 venditor
434 611 546 678 tacuit.
591 609 654 677 Sed
679 612 775 677 huius
803 611 891 678 modi
913 612 1101 678 reticentiae

73 700 161 766 siure
185 699 275 766 civili
297 700 526 786 comprehendi
543 721 610 765 non
627 703 778 785 possunt3
795 721 883 782 *quae
901 703 1011 766 autem
1029 721 1102 784 pos-

97 791 178 872 sunt,
202 787 378 873 diligenter
395 791 556 853 urentur.
591 787 635 853 M.
650 787 773 853 Marius
788 785 1007 870 Gratidianus,
1028 807 1102 872 pro·

95 876 232 961 pinquus
256 878 377 960 noster,
399 874 434 942 O.
448 873 563 961 Sergio
579 874 699 942 Oratae
718 875 906 942 vendiderat
924 874 1019 940 aedes
1037 895 1102 958 aas,

96 986 172 1048 qaas
202 963 246 1028 ab
274 963 386 1028 eodem
412 963 483 1048 ipse
506 963 618 1048 paucis
641 968 716 1029 ante
739 964 833 1028 annis
856 965 988 1029 emerat.
1033 961 1101 1028 Eae

96 1051 293 1134 serviebant,
322 1050 378 1116 sed
404 1051 466 1116 hoc
492 1051 528 1116 in
550 1052 710 1136 mancipio
733 1051 856 1118 Marius
878 1071 946 1116 noa
967 1051 1101 1116 dixerat.

63 1159 85 1198 ιο
95 1139 244 1204 Adducta
270 1160 322 1204 res
349 1139 385 1203 in
406 1139 559 1205 iudicium
583 1143 642 1204 est.
686 1137 821 1206 Oratam
843 1137 995 1222 Cressae,
1023 1137 1102 1203 Gra

95 1227 254 1292 tidianum
276 1226 468 1292 defendebat
489 1226 661 1292 Antonius.
697 1225 754 1292 Ius
771 1225 909 1292 Crassus
931 1225 1102 1312 urguebat,

95 1315 189 1400 ‘quod
217 1313 291 1380 vitii
318 1315 466 1380 venditor
490 1337 558 1380 non
584 1315 719 1380 dixisset
746 1315 863 1397 sciens,
889 1313 924 1378 id
950 1317 1100 1397 oportere

93 1401 275 1488 praestari',
302 1402 499 1487 aequitatem
527 1402 705 1486 Antonine
733 1400 897 1486 ‘quoniam
924 1400 958 1465 id
985 1400 1101 1465 vitium

93 1489 243 1577 ignotum
258 1488 372 1577 Sergio
390 1512 455 1556 non
473 1490 599 1576 fuisset,
618 1490 674 1575 qui
691 1490 767 1556 illus
785 1490 881 1556 aedes
895 1487 1101 1571 vendidisset,

60 1580 172 1644 anihil
195 1579 299 1643 fuisse
319 1599 450 1644 necesse
473 1579 625 1663 dicineo
647 1600 721 1644 eum
745 1599 815 1644 esse
835 1578 1014 1662 deceptum,
1036 1575 1101 1660 qui,

93 1667 136 1751 id,
163 1667 253 1752 quod
279 1670 416 1750 emerat,
445 1689 509 1750 quo
536 1667 606 1732 iure
634 1672 733 1751 esset,
765 1664 910 1734 teneret?
955 1663 1100 1740 Quorsus
1119 1684 1153 1735 ss

92 1755 192 1820 haec?
238 1752 286 1818 Ut
312 1755 395 1819 illud
420 1754 608 1841 intellegas,
639 1775 705 1820 nou
734 1755 895 1840 placuisse
922 1752 1100 1819 maioribus

92 1842 215 1908 nostris
238 1846 376 1908 astutos.

156 1929 221 1995 Sed
245 1930 341 1995 aliter
363 1931 463 2016 leges,
485 1931 581 1995 aliter
603 1929 792 2015 philosophi
812 1929 935 1994 tollunt
953 1929 1152 2011 astutiaall

60 2035 82 2075 ²⁰
93 2018 191 2104 leges,
214 2022 374 2102 quatenus
392 2022 618 2084 manutenere
636 2021 783 2103 possunt,
804 2016 1001 2102 philosophi,
1024 2039 1100 2101 qua-

93 2110 184 2172 tenns
204 2106 332 2171 ratione
351 2109 384 2171 et
399 2105 633 2192 intellegentia.
664 2105 762 2170 Ratio
778 2125 854 2190 ergo
869 2104 931 2171 hoc
944 2105 1100 2190 postulat,

92 2215 130 2258 ne
153 2194 232 2278 quid
252 2193 415 2276 insidiose,
437 2214 478 2259 ne
497 2193 574 2278 quid
593 2193 753 2277 simulate,
776 2215 816 2258 ne
834 2190 911 2276 quid
929 2192 1100 2259 fallaciter.

94 2278 216 2348 Suntne
237 2281 341 2368 igitur
363 2281 499 2348 insidiae
521 2281 653 2348 tendere
675 2282 808 2367 plagas,
831 2281 961 2347 etiamsi
984 2281 1100 2347 excita-

92 2374 183 2436 turus
206 2391 275 2434 non
297 2369 342 2434 sis
363 2390 424 2435 neo
446 2369 652 2456 agitaturus?
675 2369 765 2455 ipsae
788 2369 874 2434 enim
896 2368 985 2435 ferae
1006 2369 1099 2434 nullo

59 2457 283 2542 ainsequente
310 2479 405 2542 saepe
431 2456 596 2522 incidunt
631 2454 684 2522 Sic
710 2460 748 2522 tu
779 2457 874 2522 aedes
905 2456 1100 2542 proscribas,

90 2546 239 2610 tabulam
252 2549 421 2628 tamquam
434 2545 568 2630 plagam
581 2566 693 2631 ponas,
712 2545 858 2626 [domum
871 2549 1006 2630 propter
1018 2544 1100 2610 vitia

90 2633 234 2718 vendas]
249 2633 368 2698 ineam
383 2631 501 2716 aliquis
514 2632 659 2698 incurrat
670 2632 870 2717 inprudens?
901 2631 973 2698 Hoc
989 2653 1099 2715 quam·
1117 2648 1152 2698 oa

91 2743 189 2804 quam
206 2720 303 2786 rideo
315 2724 449 2806 propter
464 2721 728 2806 depravationem
741 2719 982 2785 consuetudinis
995 2741 1099 2802 neque

90 2831 179 2874 more
206 2813 304 2894 turpe
331 2807 445 2874 haberi
472 2829 576 2892 neque
603 2811 661 2872 aut
687 2807 760 2892 lage
793 2805 911 2871 sanein
943 2809 1000 2870 aut
1031 2806 1099 2871 iure

57 2897 193 2980 acivili,
223 2899 334 2962 tamen
355 2900 492 2962 naturae
515 2897 587 2983 lege
611 2898 759 2960 sanetum
782 2897 840 2958 est.
882 2891 1027 2959 Societas
1050 2897 1100 2958 est

90 2985 175 3050 enirn
195 2981 299 3071 (quod
317 2984 380 3049 etsi
399 3005 495 3069 saepe
514 2985 636 3050 dictum
655 2987 714 3067 est,
732 2981 901 3048 dicendum
919 2985 970 3048 est
990 2985 1100 3048 temen

90 3071 246 3159 saepius),
268 3072 427 3138 latissime
451 3072 580 3157 quidem
604 3093 685 3156 quae
708 3073 830 3155 pateat,
853 3068 997 3135 omnium
1014 3069 1100 3133 inter

89 3182 216 3245 omnes,
239 3160 376 3226 interior
398 3181 527 3244 eorum,
549 3161 605 3244 qni
628 3159 771 3261 eiusdem
794 3157 901 3245 gentis
925 3156 1099 3256 sint,·pr'o-

56 3249 579 3423 »εέῗέαθῖἔὲᾋηῖῗέωῗωῗίῑίῗ
605 3249 782 3400 stlta
812 3245 1099 3416 {ttutttttt

90 3424 177 3506 quod
199 3425 304 3507 civile,
325 3445 392 3490 non
414 3424 501 3490 idern
523 3423 676 3490 contnuo
700 3421 856 3509 gentium,
881 3420 967 3507 quod
989 3425 1098 3488 autem

90 3511 250 3598 gentium,
276 3513 363 3578 idem
390 3512 485 3578 civile
512 3531 582 3578 esse
608 3510 713 3576 debet.
759 3507 822 3575 Sed
843 3531 904 3576 nos
927 3509 997 3576 veri
1017 3507 1097 3572 iuris
