2578 3950
162 161 224 225 184
460 155 613 211 LAELIUS
631 155 680 209 DE
698 153 863 210 AMICITIA

159 321 256 387 amici
279 321 456 403 anteponat
480 316 559 383 suo?
596 315 701 390 Quid?
723 315 804 381 haec
826 318 864 379 ut
887 315 1048 400 omittam,
1071 337 1169 400 quam

160 429 285 497 graves,
308 429 405 491 quarn
424 405 571 470 difficiles
590 403 752 488 plerisque
775 403 926 468 videntur
943 404 1167 470 calamitatum

159 497 344 562 societates!
369 495 409 560 ad
433 515 513 578 quas
535 511 601 556 non
624 495 674 555 est
695 490 792 556 facile
814 491 948 556 inventu
967 492 1023 575 qui
1042 492 1169 558 deseen-

159 585 247 649 dant.
293 581 495 666 Quamquam
517 579 642 644 Ennius
665 583 765 644 recte:

203 669 360 737 Amicus
384 674 514 736 certus
537 665 577 732 1‘n
598 689 638 732 re
660 667 811 731 incerta
834 666 1021 750 cernitur,
1197 684 1210 726 ⁵

158 765 271 826 tamen
291 759 371 824 haec
390 759 453 822 duo
471 755 615 821 levitatis
634 758 667 819 et
685 754 886 818 infirmitatis
904 755 1079 839 plerosque
1098 777 1171 820 con·

159 850 301 931 vincunt,
319 849 376 911 aut
395 847 423 910 si
440 844 582 909 inbonis
601 843 697 907 rebus
717 846 928 908 contemnunt
947 847 1004 907 aut
1023 843 1058 906 in
1074 844 1171 907 malis

109 937 319 1003 18deserunt.
365 932 427 1008 Qui
448 931 550 1017 igitur
572 934 710 1014 utraque
733 930 825 995 inre
848 951 994 1016 gravem,
1018 935 1172 996 constan-

159 1029 239 1105 tem,
272 1021 424 1086 stabilem
456 1041 490 1084 se
520 1019 556 1082 in
589 1018 732 1083 amicitia
763 1017 979 1102 praestiterit,
1011 1018 1099 1084 huno
1132 1041 1172 1083 ex

159 1110 298 1177 maxime
325 1131 399 1175 raro
432 1126 548 1194 genere
575 1105 743 1171 hominum
775 1106 916 1172 iudicare
949 1107 1104 1172 debemus
1137 1111 1173 1172 et
1188 1127 1213 1165 ιο

107 1198 496 1394 (fflpaedlirdidffidntum
510 1286 619 1347 autem
629 1281 821 1348 stabilitatis
839 1283 1106 1367 constantiaeque
1122 1287 1175 1349 est

161 1375 243 1459 eiua,
276 1396 373 1458 quam
403 1372 438 1437 in
470 1371 614 1437 amicitia
648 1370 847 1454 quaerimus,
877 1371 972 1454 fides3
1003 1371 1088 1435 nihil
1121 1376 1175 1436 est

159 1464 245 1528 enim
268 1462 396 1545 stabile,
419 1459 505 1545 quod
527 1458 662 1522 infidum
685 1462 745 1523 est.
789 1456 977 1543 Simplicem
999 1462 1174 1543 praeterea

159 1555 193 1616 et
210 1569 412 1615 communem
431 1551 464 1611 et
483 1546 746 1631 consentientem,
763 1545 798 1610 id
816 1550 867 1611 est
881 1546 937 1632 qui
949 1546 1047 1612 rebus
1065 1547 1173 1612 isdem
1188 1564 1213 1606 1⁵

159 1639 337 1720 moveatur,
360 1635 438 1720 eligi
460 1655 521 1720 par
539 1637 598 1716 cst,
621 1654 704 1717 quae
722 1634 832 1699 omnia
850 1633 1016 1719 pertinent
1034 1635 1076 1700 ad
1094 1635 1173 1700 fide

159 1725 301 1806 Iltatem3
330 1743 434 1807 neque
461 1721 547 1787 enim
573 1720 673 1786 fidum
701 1725 811 1806 potest
834 1743 905 1788 esse
928 1723 1101 1807 multiplex
1125 1724 1173 1788 in-

160 1812 290 1899 genium
309 1815 342 1876 et
361 1814 554 1895 tortuosum,
571 1830 674 1893 neque
693 1831 779 1894 vero,
799 1811 854 1894 qui
868 1831 934 1876 non
949 1809 1052 1875 isdem
1071 1811 1172 1876 rebus

159 1904 308 1966 movetur
333 1903 516 1984 naturaque
543 1897 718 1981 consentit,
750 1902 806 1963 aut
837 1899 921 1963 fidus
949 1902 1005 1964 aut
1038 1899 1171 1964 stabilis

159 1992 269 2074 potest
292 2009 371 2053 esse.
416 1986 609 2052 Addendum
632 1986 744 2051 eodem
766 1990 830 2070 est,
853 1990 953 2051 utne
977 1986 1212 2052 criminibusne

160 2081 217 2142 aut
239 2075 415 2140 inferendis
439 2075 616 2139 delectetur
638 2077 695 2139 aut
713 2073 823 2139 credat
842 2074 972 2158 oblatis,
996 2095 1079 2158 quae
1099 2097 1172 2160 per-

159 2163 265 2226 tinent
289 2162 398 2228 omnia
420 2162 461 2227 ad
484 2183 569 2243 eam,
596 2181 694 2244 quam
716 2162 782 2227 iam
805 2158 925 2226 dudum
948 2165 1069 2246 tracto,
1097 2185 1172 2228 eon-

159 2249 325 2314 stantiam.
370 2247 422 2313 Ita
443 2248 482 2312 fit
504 2269 617 2314 verum
640 2249 735 2333 illud,
759 2248 845 2334 quod
866 2249 960 2315 initio
985 2250 1065 2333 dixi,
1089 2252 1171 2316 ami-

158 2338 271 2404 citiam
302 2336 366 2401 nisi
395 2336 482 2401 inter
512 2336 616 2401 bonos
649 2358 719 2402 esse
750 2358 816 2402 non
843 2359 948 2422 posse.
992 2337 1055 2402 Est
1083 2339 1172 2403 enim

159 2427 238 2491 boni
260 2423 336 2508 viri,
363 2445 459 2508 quem
482 2424 618 2489 eundem
641 2425 820 2509 sapientem
843 2425 921 2492 lieet
943 2424 1061 2510 dicere,
1088 2426 1172 2492 haec
1185 2443 1212 2484 2⁵
1261 2483 1262 2500 ,

161 2515 222 2579 duo
250 2518 359 2578 tencre
386 2512 421 2576 in
454 2511 609 2577 amicitia:
640 2513 781 2597 primum
811 2533 853 2578 ne
880 2513 957 2597 quid
984 2514 1098 2579 fictum
1128 2515 1173 2579 sit

159 2623 239 2666 neve
259 2601 460 2685 simulatum3
482 2605 593 2685 aperte
612 2601 697 2665 enim
715 2601 768 2666 vel
787 2599 893 2666 odisse
912 2602 1018 2688 magis
1036 2603 1172 2688 ingenui

160 2693 211 2756 est
243 2711 340 2774 quam
370 2688 479 2754 fronte
516 2689 676 2754 occultare
710 2689 924 2774 sententiam3
960 2689 1074 2755 deindo
1103 2710 1171 2755 non

160 2779 266 2844 solum
290 2779 331 2842 ab
356 2777 465 2861 aliquo
494 2777 613 2842 allatas
641 2775 883 2842 criminationes
910 2778 1082 2863 repellere,
1113 2777 1171 2843 sed

158 2886 200 2930 ne
232 2866 340 2950 ipsum
373 2865 501 2949 quidem
534 2885 604 2930 esse
637 2865 850 2949 suspiciosum
883 2886 951 2930 sem
975 2886 1010 2931 er
1046 2865 1171 2950 aliquid
1185 2882 1214 2923 ³⁰

107 2966 141 3017 oo
161 2952 401 3018 existimantem
429 2953 470 3017 ab
498 2953 603 3018 amico
630 2971 701 3017 esse
727 2951 895 3018 violatum.
941 2889 1085 3020 dccedat
1107 2954 1172 3019 huc

160 3041 305 3106 suavitas
337 3041 496 3124 quaedam
528 3043 659 3126 oportet
691 3060 877 3105 sermonum
904 3045 1002 3126 atque
1032 3061 1171 3125 morum,

158 3128 409 3213 haudquaquam
431 3127 593 3194 mediocre
620 3128 861 3193 condimentum
889 3128 1059 3194 amicitiae.
1101 3127 1172 3193 'Pri-

160 3214 252 3278 stitia
279 3220 388 3280 autern
415 3219 449 3281 et
475 3216 510 3282 in
537 3215 626 3281 omni
653 3237 689 3282 re
714 3216 870 3282 severitas
893 3217 994 3282 habet
1016 3217 1077 3282 illa
1100 3217 1170 3302 qui-
1260 3271 1261 3304 ,

160 3301 232 3365 dem
256 3303 465 3387 gravitatem,
488 3303 545 3369 sed
568 3304 712 3370 amicitia
734 3305 901 3371 remissior
924 3325 994 3370 esse
1017 3305 1115 3370 debet
1138 3307 1170 3369 et
1185 3319 1213 3362 ³⁵
1260 3321 1261 3362 l

159 3386 293 3450 liberior
308 3390 340 3450 et
354 3388 478 3454 dulcior
497 3395 530 3455 ot
549 3391 590 3457 ad
609 3413 737 3457 omnem
756 3393 943 3459 comitatem
961 3392 1171 3458 facilitatem-

161 3493 222 3557 que
244 3473 430 3556 proclivior.

56 3813 172 3878 A
