2504 3950
285 188 352 242 nra.
371 189 419 244 111.
457 189 533 244 cnr.
553 196 667 246 aa-aa.
702 195 867 256 soe-103.
1017 189 1080 258 123

96 347 309 434 Carthaginem
328 347 436 431 rediit,
454 370 558 432 neque
577 371 649 415 eum
668 349 788 416 caritas
806 351 932 436 patriae
946 351 1081 416 retinuit

29 493 30 524 ζ
94 459 141 502 nec
162 459 297 502 suorum.
342 435 456 521 Neque
479 458 556 502 vero
582 441 653 503 tum
680 437 854 523 ignorabat
881 460 916 504 se
944 438 985 506 ad
1012 460 1080 504 cru-

29 531 30 544 ²
94 525 277 590 delissimum
298 525 427 590 hostem
446 527 479 588 et
497 524 539 590 ad
557 525 717 608 exquisita
735 526 893 610 supplicia
911 526 1079 611 proficisci,

94 612 139 676 sed
158 612 205 676 ins
226 611 396 678 iurandum
415 612 671 678 conservandum
688 612 835 697 putabat.
871 613 985 698 Itaque
999 618 1079 697 tum,

74 717 153 764 scum
173 699 338 786 vigilando
355 691 541 783 necabatur,
564 700 688 768 eratin
704 701 838 766 meliore
857 721 962 784 causa,
981 723 1078 785 quam

29 837 31 870 ¹
92 787 653 960 ladltllal⁰¹¹lla⁰llll⁰ltl2filtl⁵
666 788 1128 961 {lltlllzztttltllal

246 923 256 959 ἲ

93 963 259 1047 mittendos,
277 985 390 1029 verum
408 962 507 1028 etiam
527 962 725 1030 dissuaserit.
761 961 831 1039 Quo
846 963 941 1030 modo
956 964 1079 1030 stulte?

93 1051 221 1130 etiamne,
236 1051 265 1116 si
279 1050 326 1116 rei
340 1050 487 1135 publicae
501 1051 721 1118 conducebat?
739 1055 979 1136 potestantem,
993 1052 1079 1136 quod

67 1155 84 1194 n
92 1137 188 1204 inutile
210 1139 258 1204 rei
282 1137 431 1224 publicae
454 1139 506 1222 sit,
529 1139 562 1206 id
584 1139 733 1223 cuiquam
756 1139 818 1205 civi
840 1141 921 1204 utile
942 1140 1033 1206 esse?

142 1225 335 1294 Pervertunt
356 1226 504 1292 homines
527 1248 574 1310 ea,
597 1248 679 1312 quae
698 1231 774 1292 sunt
796 1227 1006 1295 fundamenta
1024 1232 1130 1296 na-28

91 1316 176 1397 turae,
196 1337 272 1380 cum
295 1314 472 1381 utilitatem
495 1314 730 1382 abihonestate
750 1314 931 1399 seiungunt.
959 1313 1078 1382 Omnes

92 1401 161 1468 enim
186 1402 367 1488 expetimus
399 1402 577 1470 utilitatem
609 1400 650 1468 ad
681 1423 817 1486 eamque
845 1401 990 1488 rapimur
1020 1425 1079 1469 nec

91 1488 178 1556 lacere
201 1491 300 1557 aliter
322 1490 391 1556 ullo
414 1491 510 1556 modo
531 1511 714 1576 possumus.
744 1488 831 1555 Nam
850 1491 922 1574 quis
941 1493 1000 1573 est,
1023 1490 1079 1574 qui

65 1591 83 1632 1⁵
91 1577 169 1643 utilia
180 1577 312 1665 fugiat?
336 1581 393 1643 aut
412 1578 484 1662 quis
502 1578 621 1663 potius,
639 1578 696 1662 qui
709 1599 747 1644 ea
759 1599 826 1644 non
844 1577 1079 1644 studiosissime

90 1665 308 1752 persequatur?
327 1664 391 1732 Sed
404 1666 480 1751 quia
492 1687 652 1750 nusquam
666 1687 839 1750 possumus
852 1666 916 1731 nisi
929 1666 963 1730 in
975 1665 1079 1751 laude,

91 1751 198 1839 duone,
224 1753 400 1821 honestate
420 1753 516 1819 utilia
537 1753 691 1839 reperire,
712 1758 867 1840 proptera
892 1754 951 1820 illa
973 1755 1079 1840 prima

91 1844 116 1902 et
134 1863 255 1908 summa
279 1841 451 1925 habemus,
475 1840 630 1908 utilitatis
652 1863 771 1906 nomen
793 1862 859 1906 non
882 1845 950 1907 tam
974 1843 1078 1926 splen·

92 1926 182 1996 lidum
204 1952 305 2016 quam
327 1929 544 1996 necessarium
572 1929 727 1995 ducimus.
771 1926 855 2003 Quid
882 1932 933 1994 est
955 1929 1065 2014 igitur,
1081 1945 1130 1995 loa

65 2015 189 2084 ulnera
211 2018 302 2104 quis,
327 2017 364 2082 in
389 2017 458 2082 inre
484 2016 642 2083 iurando?
673 2037 752 2082 uum
779 2016 900 2109 iratum
925 2015 1078 2082 timemus

29 2187 30 2190 Ἴ
91 2100 204 2172 lovem?
238 2105 289 2174 At
310 2105 373 2172 hoc
395 2105 523 2190 quidem
546 2125 715 2172 commune
737 2108 788 2170 est
810 2103 954 2170 omnium
976 2104 1079 2190 philo·

29 2193 30 2216 ³
92 2192 266 2278 sophorum,
296 2214 363 2258 non
385 2215 496 2259 eorum
520 2193 629 2276 modo,
659 2192 716 2276 qui
738 2191 832 2258 doum
853 2191 937 2257 nihil
959 2192 1079 2258 habere

91 2277 180 2361 ipsum
201 2281 329 2368 negotii
351 2281 470 2366 dicunt,
492 2280 575 2346 nihil
598 2280 748 2348 exhibere
770 2280 875 2363 alteri,
893 2280 950 2346 sed
968 2303 1079 2346 eorum

91 2367 186 2454 etiam,
212 2370 271 2455 qui
299 2369 392 2436 deum
420 2390 548 2454 semper
574 2390 671 2455 agere
694 2367 817 2453 aliquid
839 2371 873 2433 et
895 2368 1004 2434 moliri
1026 2390 1079 2434 vo·

65 2466 82 2508 ²⁵
92 2453 157 2539 lunt,
167 2478 345 2542 numquam
359 2456 528 2524 necirasci
542 2457 636 2522 deum
653 2477 713 2522 nec
725 2477 849 2521 nocere.
872 2453 956 2530 Quid
970 2458 1079 2521 autem

90 2540 176 2610 iratus
201 2545 352 2631 Iuppiter
382 2544 457 2630 plus
488 2565 603 2610 nocere
634 2543 809 2630 potuisset,
840 2565 938 2626 quam
969 2543 1080 2614 nocuit

92 2629 141 2694 sibi
167 2633 237 2718 ipse
271 2632 439 2718 Regulus?
475 2630 578 2698 Nulla
608 2632 710 2718 igitur
736 2631 785 2696 vis
812 2629 876 2696 fuit
902 2631 1079 2716 religionis,

92 2737 158 2800 quae
178 2724 307 2786 tantam
333 2720 510 2786 utilitatem
537 2721 745 2806 perverteret.
789 2716 844 2790 An
872 2739 913 2782 ne
940 2717 1080 2801 turpiter

91 2802 217 2875 faceret?
235 2809 383 2874 Primum
397 2808 531 2874 minima
545 2808 584 2874 de
597 2805 702 2874 malis.
728 2802 818 2870 Num
830 2803 933 2890 igitur
951 2807 1080 2869 tantum

66 2895 155 2960 unali
175 2897 343 2982 turpitudo
366 2897 432 2962 ista
453 2895 610 2979 habebat,
638 2895 795 2979 quantum
817 2892 874 2957 ille
897 2892 1079 2958 cruciatus?

29 3021 30 3028 κ
91 2976 198 3050 Deinde
220 2984 305 3051 illud
327 2984 426 3050 etiam
450 2983 535 3070 apud
556 2983 704 3049 Accium:

670 3065 875 3154 Fregistr'n
897 3066 1035 3133 fidem?
1111 3065 1116 3076 '

29 3197 31 3216 ³
125 3155 251 3245 Neque
273 3159 360 3227 dedi
382 3181 507 3244 usque
529 3159 574 3225 do
597 3155 758 3224 infideli
781 3153 957 3240 cuiquam

92 3263 273 3332 quamquam
295 3249 337 3314 ab
356 3248 456 3332 impio
480 3267 556 3334 rege
575 3245 701 3329 dicitur,
723 3244 886 3310 luculenta
905 3246 1016 3308 tamen
1036 3241 1080 3308 di·

67 3330 169 3400 aaran.
199 3334 332 3402 Addunt
356 3335 468 3418 etiam,
495 3334 656 3420 quemad
683 3331 814 3399 modum
835 3352 896 3396 nos
924 3329 1066 3398 dicamus
1083 3346 1132 3395 loa

92 3418 179 3487 rideri
200 3423 358 3508 quaedam
384 3423 491 3505 utilia,
524 3443 606 3507 quae
632 3441 698 3486 non
730 3419 809 3503 sint,
841 3419 887 3485 sic
914 3439 949 3485 se
977 3418 1081 3484 dicere

92 3505 180 3574 rideri
198 3511 354 3598 quaedam
371 3512 520 3596 honesta,
543 3530 625 3596 quae
643 3528 709 3574 non
727 3507 802 3592 sint,
826 3505 874 3573 ‘ut
891 3506 954 3572 hoo
973 3506 1080 3590 ipsum
