2578 3950
143 173 212 238 212
536 167 761 225 PARADOXON

143 335 323 416 molientes,
346 333 403 417 qui
422 337 496 398 tuas
515 333 697 398 mercedum
715 331 882 417 pactiones
900 331 935 396 in
951 329 1151 416 patrociniis,
1279 351 1280 380 ι

142 423 165 506 †
188 423 362 487 intercidas
384 421 593 506 pecuniarum
619 420 651 484 in
678 419 874 486 coitionibus
896 420 1153 504 candidatorum,

143 511 347 576 dimissiones
375 510 568 574 libertorum
596 509 637 574 ad
664 506 915 573 defaenerandas
943 507 1153 592 diripiendas·

144 617 207 682 que
228 597 429 683 provincias,
452 597 507 680 qui
530 596 735 681 expulsiones
758 596 950 681 vicinorum,
973 596 1030 680 qui
1052 598 1153 661 latro·

144 686 229 752 einia
246 685 281 750 in
298 685 396 771 agris,
415 685 561 769 quicum
581 684 691 766 servis,
714 705 787 748 cum
805 684 943 768 libertis,
964 705 1038 749 cum
1057 685 1152 750 clien-
1181 702 1195 744 s

143 775 232 840 tibus
266 775 452 857 societates,
489 773 544 855 qui
574 771 796 856 possessiones
827 791 968 872 vacuas,
992 773 1049 855 qui
1079 793 1154 856 pro·

145 863 336 947 scriptiones
360 860 580 944 locupletium,
603 860 659 942 qui
682 859 794 946 caedes
815 859 1074 944 municipiorum,
1097 859 1155 943 qui

143 951 235 1015 illam
258 947 385 1013 Sullani
408 947 564 1031 temporis
584 967 727 1011 messem
749 945 947 1029 recordetur,
976 947 1032 1031 qui
1054 951 1154 1012 testa-

144 1041 254 1102 menta
272 1035 428 1119 subiecta,
450 1038 502 1099 tot
520 1035 576 1118 qui
594 1035 742 1099 sublatos
760 1034 918 1118 homines,
941 1036 997 1118 qui
1016 1034 1154 1120 denique

144 1125 253 1208 omnia
274 1124 417 1206 venalia,
440 1122 581 1187 edictum
604 1115 782 1205 decretum,
804 1123 944 1187 alienam
966 1117 1060 1188 suam
1083 1144 1153 1188 sen·
1169 1143 1195 1184 ro

143 1212 294 1295 tentiam,
320 1211 429 1276 forum
451 1211 596 1296 domum,
623 1231 735 1276 vocem
758 1209 937 1276 silentium:
967 1212 1040 1295 quis
1067 1211 1153 1276 hunc

143 1321 219 1366 non
239 1303 334 1385 putet
365 1297 512 1365 confiteri
547 1298 611 1364 sibi
648 1299 795 1383 quaesito
832 1319 912 1383 opus
945 1298 1038 1364 esse?
1092 1297 1154 1364 cui

145 1389 293 1473 quaesito
327 1391 446 1473 autem·
464 1409 545 1472 opus
575 1387 632 1471 sit,
671 1387 744 1470 quis
774 1407 930 1470 umquam
960 1386 1047 1452 hunc
1077 1407 1153 1452 vere
1279 1389 1280 1460 ξ

91 1495 125 1544 47
144 1477 261 1542 dixerit
293 1475 449 1541 divitem?
498 1474 628 1550 Etenim
660 1474 849 1539 diuitiarum
881 1478 932 1539 est
961 1473 1086 1540 fructus
1118 1476 1153 1538 in
1279 1469 1280 1490 ¹

144 1566 250 1650 copia,
282 1565 410 1649 copiam
442 1566 551 1627 autem
584 1561 727 1627 declarat
757 1562 892 1626 satietas
918 1583 1027 1626 rerum
1054 1566 1195 1646 atquem

145 1651 358 1735 abundantia,
390 1672 488 1734 quam
519 1654 556 1715 tu
584 1650 737 1733 qnoniam
763 1671 941 1734 numquam
969 1651 1153 1734 adsequere,
1220 1721 1222 1724 ,

144 1761 321 1824 numquam
354 1739 485 1804 omnino
519 1759 553 1802 es
586 1738 674 1803 dives
708 1737 846 1803 futurus.
899 1737 1007 1804 Meam
1043 1741 1154 1804 autem

145 1828 297 1912 quoniam
320 1827 489 1913 pecuniam
517 1825 710 1910 contemnis,
737 1829 771 1890 et
797 1829 884 1890 recte
907 1822 972 1909 (est
999 1825 1084 1890 enim
1112 1825 1154 1890 ad

145 1917 236 2002 volgi
259 1917 445 2002 opinionem
467 1915 650 1997 mediocris,
673 1913 714 1978 ad
736 1917 828 1978 tuem
849 1912 955 1994 nulla,
983 1912 1024 1978 ad
1046 1934 1153 1980 meam
1279 1937 1280 1962 ³

91 2021 126 2072 48
145 2003 300 2091 modica),
332 2005 371 2069 de
403 2025 455 2068 me
483 2003 600 2085 silebo,
632 2001 671 2066 de
697 2022 733 2066 re
761 2002 885 2085 loquar.
930 1997 965 2065 Si
994 2001 1195 2067 censendam

144 2093 238 2158 nobis
262 2093 306 2156 sit
329 2096 427 2176 atque
450 2089 652 2155 aestimanda
674 2111 740 2173 res,
762 2093 872 2153 utrum
895 2089 1026 2154 tandem
1049 2089 1153 2174 pluris

145 2181 352 2245 aestimemus
371 2177 541 2263 pecuniam
553 2177 681 2260 P-yrrhi,
700 2198 798 2261 quam
811 2175 961 2242 Fabricio
980 2177 1088 2261 dabat,
1110 2197 1155 2242 an

145 2267 379 2332 continentiam
396 2265 535 2349 Fabrici,
561 2265 617 2349 qui
638 2265 732 2352 illam
750 2265 920 2349 pecuniam
938 2265 1153 2350 repudiabat?

145 2359 255 2422 utrum
271 2375 386 2420 aurum
405 2351 588 2418 Samnitum
606 2375 648 2417 an
666 2373 858 2438 responsum
876 2352 929 2416 Μ’.
947 2351 1045 2418 Curi?
1063 2353 1154 2418 here

146 2443 281 2508 dilatem
290 2441 324 2506 L.
333 2441 428 2505 Pauli
443 2463 485 2526 an
498 2441 729 2506 liberalitatem
743 2437 898 2524 Africani,
912 2441 968 2525 qui
982 2441 1050 2506 eius
1060 2440 1154 2506 ahere·
1168 2457 1195 2500 2⁵

27 2561 30 2576 .
146 2530 257 2595 ditatis
273 2528 309 2605 Q.
322 2528 464 2594 Maximo
482 2529 579 2594 fratri
595 2533 724 2615 partem
743 2525 837 2593 suam
854 2528 1034 2594 concessit?
1063 2527 1154 2595 Haec

145 2619 300 2704 profecto,
323 2639 404 2702 quae
428 2622 505 2683 sunt
527 2639 727 2683 summarum
744 2615 911 2700 sirbitum,
934 2617 1038 2702 pluris
1057 2617 1153 2681 aesti-

146 2707 264 2773 manda
287 2711 363 2770 sunt
386 2727 484 2791 quam
507 2705 575 2790 illa,
598 2726 680 2790 quae
703 2709 779 2770 sunt
797 2705 960 2790 pecuniae.
997 2703 1075 2780 Quis
1093 2704 1153 2790 igi·

145 2799 208 2879 tur,
232 2796 398 2880 siquidem,
420 2799 459 2859 ut
482 2795 626 2878 quisque,
649 2793 735 2877 quod
754 2793 885 2878 plurimi
904 2792 957 2877 sit,
978 2791 1154 2878 possideat,

145 2884 194 2948 ite
216 2883 430 2950 divitissimus
449 2882 616 2946 habendus
640 2883 693 2966 sit,
716 2881 852 2962 dubitet,
874 2881 953 2965 quin
975 2881 1010 2944 in
1032 2881 1192 2945 virtutem

147 2970 279 3036 divitiae
292 2971 389 3035 sint?
414 2969 567 3054 quoniam
589 2969 680 3034 nulla
702 2969 874 3054 possessio,
896 2969 989 3033 nulla
1010 2969 1060 3034 vis
1084 2969 1155 3033 auri

93 3039 128 3166 di
147 3064 180 3124 et
203 3059 331 3145 argenti
357 3059 461 3144 pluris
490 3078 588 3141 quam
615 3057 719 3138 virtus
743 3056 944 3122 aestimanda
967 3060 1025 3121 est.
1070 3055 1155 3122 Odi

146 3148 360 3212 immortales!
389 3167 455 3211 non
476 3145 673 3232 intellegsmt
695 3145 855 3227 homines,
878 3162 976 3228 quam
999 3165 1154 3231 magnum

147 3236 289 3320 vectigal
313 3235 357 3299 sit
379 3233 586 3319 parsimonia
618 3231 721 3297 Venio
742 3233 910 3298 animiam
930 3232 971 3298 ad
989 3236 1154 3317 sumptuo-

148 3343 215 3405 sos,
242 3321 390 3404 relinquo
417 3322 517 3386 istum
541 3324 780 3404 quaestuosum.
825 3317 923 3405 Oapit
945 3321 1001 3386 ille
1025 3341 1065 3386 ex
1088 3321 1154 3385 suis
1168 3335 1193 3379 es

147 3408 287 3494 praediis
311 3429 443 3474 sescena
470 3408 633 3492 sestertia,
660 3428 722 3492 ego
751 3411 886 3474 centena
912 3430 952 3473 ex
978 3407 1073 3490 meis3
1104 3407 1155 3473 illi

149 3499 263 3563 aurata
290 3499 378 3561 tecta
404 3495 440 3558 in
466 3495 555 3561 villis
583 3500 616 3562 et
648 3495 719 3562 sola
751 3517 932 3562 marmorea
962 3495 1094 3562 facienti
1122 3499 1155 3562 et
1279 3533 1280 3536 ι
