2542 3950
325 179 536 234 POEMATUM.
555 179 589 234 Η.
609 179 647 234 iv
665 195 683 233 a
700 197 726 234 v.
746 185 894 234 ees-cc.
1050 175 1113 242 373

103 341 270 426 Iuppiter,
293 341 369 406 huic
390 363 527 426 pervum
550 340 702 406 inferiore
724 341 874 425 imperto
897 339 1026 404 locavit.

103 429 197 496 Haec
219 434 330 494 temen
353 433 484 494 aeterno
507 429 649 494 invisens
672 429 744 494 loeo
767 427 927 493 curriculo
948 449 1013 492 nox

11 527 93 586 [90
106 516 209 603 Signa
233 517 320 581 dedit
342 518 451 582 neritis
458 568 466 600 ,
489 517 597 582 cuncti
620 533 702 601 quoe
723 535 857 581 noscere
879 518 1027 600 possent,

105 605 335 671 Conmiserens
358 605 526 670 hominum
549 604 739 669 metiendos
756 599 897 688 undique
916 621 1018 668 ossus.
1063 619 1114 668 435

104 692 193 758 Nem
216 715 293 758 oum·
311 693 493 778 fulgentem
516 711 626 758 cernes
650 693 719 756 sine
741 692 885 757 nubibus
905 692 987 756 atris

104 782 210 845 Aram
233 781 293 845 sub
316 781 422 845 medis
445 780 526 846 caeli
547 781 681 866 regione
703 781 859 864 locatam,

105 871 138 934 A
162 890 289 934 summa
310 872 405 953 perte
427 869 565 934 obscure
587 867 727 954 ealigine
749 871 883 951 tectam,

11 967 93 1025 195
106 957 191 1021 Tum
214 956 331 1021 validis
353 956 460 1042 fugito
485 954 632 1020 devitans
655 956 779 1020 viribus
802 957 974 1040 Austrum
1116 1015 1119 1019 .

107 1043 211 1120 Quem
234 1044 263 1108 si
285 1044 484 1128 prospiciens
507 1043 661 1108 vitaveris
685 1043 794 1108 omnia
817 1047 909 1108 ceute
1062 1059 1113 1108 440

106 1135 322 1197 Armemente
344 1132 468 1215 locens,
491 1135 564 1196 tuto
587 1131 696 1195 labere
719 1153 777 1216 per
799 1132 915 1213 undes3

108 1219 167 1284 Sin
190 1219 299 1306 gravis
323 1219 471 1284 inciderit
493 1219 677 1284 vehementi
698 1219 831 1284 flamine
851 1222 983 1304 ventus,

106 1307 295 1394 Perfringet
318 1309 422 1372 celsos
446 1307 548 1371 defixo
571 1308 688 1372 robore
711 1308 829 1390 melos,

13 1405 97 1464 200
107 1394 156 1461 Ut
178 1416 230 1460 res
252 1396 345 1460 nulla
366 1395 452 1460 ieras
475 1395 581 1479 possit
603 1396 745 1460 mnleere
767 1395 941 1479 procellas,

107 1483 154 1548 Ni
175 1487 269 1568 perte
293 1504 332 1548 ex
353 1483 526 1566 Aquilonis
550 1503 689 1568 opacam.
707 1483 829 1567 pellere
851 1483 970 1547 nubem
1063 1499 1114 1548 445

108 1569 263 1656 Coeperit
285 1574 317 1635 et
340 1570 458 1635 subitis
481 1571 568 1635 euris
593 1570 752 1638 diduxerit
775 1570 852 1635 Are..
932 1607 939 1618 =

108 1657 167 1724 Sin
189 1680 317 1724 umeros
340 1659 446 1724 medio
468 1659 502 1722 in
526 1659 616 1723 coelo
640 1657 855 1724 Centaurus
877 1657 1011 1724 hebebit

106 1747 246 1831 Ipseque
269 1747 417 1811 caeruleo
439 1750 604 1812 contectus
626 1746 712 1810 nube
734 1747 857 1810 feretur

21 1844 95 1902 205
109 1835 219 1918 Atque
242 1833 344 1898 Arem
366 1834 457 1898 tenui
480 1834 625 1918 caligans
646 1834 764 1898 vestiet
787 1835 915 1916 umbre,

109 1923 163 1986 Ad
187 1923 354 2008 signorum
376 1922 502 1986 obitum
525 1923 574 1985 vis
598 1925 649 1985 est
671 1921 843 1986 metuenda
864 1920 996 1986 Favoni.
1063 1937 1114 1986 450

108 2011 171 2074 Ille
195 2013 303 2075 eutem
327 2009 506 2074 Centaurus
529 2009 564 2072 in
587 2010 656 2074 alte
678 2009 753 2073 sede
776 2010 915 2092 locatus,

109 2097 182 2173 Qus
205 2119 274 2162 sese
298 2097 421 2162 olerum
445 2098 615 2162 conlucens
639 2095 789 2182 Scorpios
812 2097 924 2180 infert,

108 2185 204 2251 Hunc
228 2186 340 2250 subter
362 2189 490 2270 portem
511 2189 726 2270 praeportens
747 2186 817 2270 ipse
840 2184 968 2250 virilem

25 2271 204 2341 erocedit
226 2273 312 2357 llqui
334 2273 438 2357 pertis
460 2294 638 2358 properans
662 2271 858 2359 subiungere
879 2272 998 2338 Chelis.

107 2360 172 2426 Hie
187 2361 332 2426 dextram
347 2381 497 2447 porgens,
516 2361 686 2445 quadripes
701 2383 766 2444 que
778 2363 873 2425 veste
889 2365 1027 2444 tenetur,
1063 2377 1114 2426 455

109 2448 214 2524 Quem
235 2470 332 2514 nemo
355 2453 443 2513 oerto
467 2448 600 2513 donavit
622 2449 752 2512 nomine
775 2447 923 2532 Graium,

109 2536 227 2601 Tendit
250 2540 283 2601 et
305 2537 477 2601 inlustrem
499 2536 701 2600 truculentus
724 2535 830 2600 coedit
852 2537 894 2600 ed
915 2536 1025 2601 Arem.

153 2624 217 2690 Hic
239 2645 310 2689 sese
331 2623 466 2688 infernis
490 2646 507 2687 e
529 2624 678 2708 pertibus
701 2623 800 2708 erigit
822 2623 952 2708 Hydra

28 2719 96 2778 215
110 2712 284 2797 Praecipiti
305 2713 399 2796 lepsu
421 2711 504 2776 flexo
528 2734 601 2776 eum
624 2732 757 2797 corpore
781 2731 920 2795 serpens.

109 2800 198 2865 Haeo
216 2803 313 2885 eaput
331 2804 429 2884 atque
448 2801 560 2865 oculos
577 2805 732 2882 torquens
752 2799 792 2864 ed
810 2803 904 2884 terge
917 2797 1023 2883 Nepai
1062 2815 1115 2866 roo

109 2887 324 2972 Convexoque
348 2889 421 2952 sinu
444 2888 574 2953 subiens
597 2887 727 2952 inferne
746 2886 864 2952 Leonis

110 2973 308 3040 Centaurum
331 2976 396 3040 leri
418 2976 579 3061 contingit
601 2975 727 3041 lubrice
749 2975 863 3058 cende,

108 3063 149 3127 In
171 3063 340 3148 medioque
364 3064 437 3128 sinu
458 3063 588 3150 fulgens
611 3062 773 3128 Cretera
794 3063 925 3128 relucet.

31 3158 99 3216 220
108 3150 300 3216 Extremam
322 3152 430 3216 nitens
453 3152 600 3236 plumato
624 3171 757 3235 corpore
780 3149 926 3216 Corvus

109 3239 231 3306 llostro
254 3239 376 3323 tundit,
400 3242 433 3303 et
455 3239 508 3304 hio
531 3237 676 3303 Geminis
700 3242 750 3303 est
771 3239 830 3303 ille
851 3239 911 3304 sub
933 3237 1016 3324 ipsis
1064 3255 1115 3305 4eo

110 3328 197 3392 Ante
221 3325 357 3411 Canem,
379 3325 478 3392 Graio
500 3327 648 3412 Procyon
671 3326 725 3410 qui
747 3327 878 3392 nomine
899 3324 1013 3392 fertur.

180 3513 213 3570 v.
228 3521 280 3570 454
292 3531 340 3583 sq.,
359 3521 471 3587 4srsq„
490 3523 632 3574 ree-ms
651 3519 706 3574 ore.
725 3517 762 3574 Ν.
782 3517 819 3572 D.
837 3517 878 3572 Π
891 3522 935 3573 44.
953 3523 1013 3574 rrr.
