2504 3950
299 201 369 256 LIB.
387 201 407 258 l.
444 199 521 257 GAP.
538 205 654 257 iti-3⁷.
692 206 707 267 ἓ
727 206 875 258 127-133.
1047 203 1093 268 45

81 363 370 432 exercitationibus
393 364 548 449 corporis.
593 363 786 430 Adhibenda
813 368 981 450 praeterea
1003 383 1094 430 mun·-

80 453 161 519 ditia
189 457 242 518 est
269 474 336 520 non
364 452 476 518 odiosa
502 473 607 536 neque
636 452 796 536 exquisita
823 454 933 537 nimis,
963 456 1093 518 tantum

82 563 163 626 quae
197 540 309 626 fngiat
340 545 503 627 agrestem
536 545 569 605 et
599 539 811 606 inhumanam
842 541 1092 629 neglegentiam.

80 629 207 696 Eadem
234 629 320 695 ratio
348 633 399 694 est
424 627 575 694 habenda
600 629 755 713 vestitus,
782 630 816 694 in
843 652 921 715 quo,
948 631 994 696 sic
1016 635 1031 696 t
1058 631 1094 696 in

58 719 249 804 splerisque
271 718 382 802 rebus,
409 717 615 784 mediocritas
641 718 765 802 optima
788 721 847 783 est.
892 716 1080 784 Cavendum
1095 733 1146 784 111

81 811 192 874 sutem
225 810 289 890 est,
320 828 361 872 ne
391 809 449 872 aut
478 805 690 871 tarditatibus
723 810 854 872 utamur
882 808 917 874 in
943 807 1094 894 ingressu

81 895 300 978 mollioribus,
322 899 360 960 ut
381 915 575 980 pomparum
596 893 728 960 ferculis
751 895 875 961 similes
898 916 969 961 esse
988 896 1093 961 videa·

81 1005 163 1067 mur,
185 985 248 1048 aut
268 984 303 1048 in
325 982 591 1048 festinationibus
614 983 826 1068 suscipiamus
849 984 967 1050 nimias
985 983 1094 1050 celeri·

81 1077 181 1155 tates,
220 1091 303 1156 quae
334 1093 408 1137 cum
439 1071 538 1155 fiunt,
569 1071 732 1137 anhelitus
763 1077 948 1157 morentur,
983 1072 1093 1138 vultus

49 1163 269 1243 1111111111,
301 1181 359 1225 ora
390 1163 596 1244 torquentum
628 1181 668 1225 ex
699 1160 816 1246 quibus
848 1182 968 1247 magna
995 1161 1094 1247 signi·

82 1249 192 1316 ficatio
216 1248 256 1314 fit
278 1269 346 1314 non
368 1248 480 1314 adesse
509 1248 737 1314 constantiam.
782 1246 845 1314 Sed
867 1251 972 1315 multo
994 1251 1094 1316 etiam
1155 1304 1160 1334 ,

83 1338 190 1425 magis
220 1334 453 1402 elaborandum
485 1341 549 1420 est,
580 1359 620 1404 ne
653 1337 754 1402 animi
786 1341 893 1404 motus
925 1361 946 1404 a
976 1344 1095 1406 natura

84 1427 251 1511 recedant,
269 1426 356 1511 quod
367 1447 590 1512 assequemur,
609 1426 637 1493 si
655 1428 850 1514 cavebimus,
867 1450 908 1494 ne
921 1428 956 1493 in
969 1433 1094 1514 pertun·
1154 1442 1159 1496 τ

84 1516 234 1581 tationes
253 1519 352 1600 atque
370 1517 625 1583 exanimationes
643 1517 831 1600 incidamus,
852 1522 885 1583 et
904 1518 932 1582 ri
951 1521 1094 1583 attentos
1155 1518 1162 1532 '⁴

50 1620 73 1660 ¹⁵
86 1605 212 1670 animoa
236 1604 278 1670 ad
300 1605 424 1670 decoris
447 1605 725 1672 conservationem
743 1607 934 1672 tenebimus.
971 1605 1081 1672 Motus
1097 1621 1146 1672 132

85 1697 195 1760 autem
226 1693 409 1759 animorum
441 1693 585 1778 duplices
617 1697 709 1778 sunt,
746 1696 841 1760 alteri
875 1694 1094 1782 cogitationis,

83 1782 180 1848 alteri
200 1781 379 1866 appetitum
402 1781 560 1867 cogitatio
578 1781 614 1846 in
630 1804 707 1848 vero
731 1784 926 1868 exquirendo
945 1805 1093 1849 maxume

85 1874 248 1953 versatur,
276 1870 441 1956 appetitus
468 1870 598 1956 inpellit
625 1870 667 1936 ad
694 1872 863 1957 agendum.
908 1871 1094 1937 Curandum

84 1963 133 2024 est
159 1959 278 2046 igitur,
305 1963 343 2022 ut
365 1959 563 2045 cogitatione
586 1958 701 2024 adres
730 1980 827 2042 quam
850 1962 1001 2044 optumas
1024 1963 1093 2024 uta·

51 2062 170 2130 11111,
194 2047 378 2133 appetitum
400 2047 522 2112 rationi
546 2047 769 2112 oboedientem
792 2049 1013 2133 praebeamus.

149 2133 196 2202 nt
215 2135 370 2220 quoniam
387 2135 574 2222 magnesia
593 2135 750 2202 orationis
770 2140 829 2220 est,
847 2157 948 2221 eaque
967 2136 1093 2221 duplex,
1104 2135 1145 2200 37
1244 2169 1245 2176 1

85 2225 189 2290 altera
203 2224 431 2307 contentionis,
451 2225 554 2289 altera
569 2224 736 2307 sermonis,
754 2226 919 2290 contentio
938 2224 1095 2310 discepta-

84 2313 229 2378 tionibus
238 2313 404 2377 tribuatur
411 2311 612 2394 iudiciorum,
621 2313 819 2395 contionum,
832 2317 974 2395 senatus,
988 2333 1094 2378 sermo

84 2401 117 2464 in
129 2400 272 2484 circulis,
286 2397 571 2485 disputationibus,
586 2399 870 2486 congressionibus
884 2401 1094 2466 familiarium

50 2492 242 2572 aversetur,
265 2492 421 2572 sequatur
442 2489 542 2554 etiam
565 2488 721 2554 convivia.
757 2485 983 2555 Contentionis
1004 2507 1094 2574 prae·

85 2581 179 2662 cepta
197 2575 367 2642 rhetorum
386 2579 470 2660 sunt,
492 2576 584 2641 nullu
602 2577 770 2660 sermonis,
793 2597 990 2661 quamquam
1007 2577 1095 2642 haud

84 2665 149 2732 scic
183 2685 227 2730 an
258 2665 388 2749 possint
418 2665 498 2730 hace
528 2685 655 2749 quoque
682 2684 761 2730 esse.
812 2663 874 2729 Sed
902 2665 1094 2729 discentium

84 2753 201 2818 studiis
219 2753 429 2818 inveniuntur
446 2753 605 2838 magistri,
628 2753 703 2818 huie
722 2756 831 2818 autem
854 2751 910 2836 qui
933 2750 1094 2833 studeant,

85 2847 159 2907 sunt
182 2841 277 2924 nulli,
299 2840 467 2906 rhetorum
488 2841 587 2906 turba
604 2840 725 2906 referta
743 2839 864 2923 omnia3
888 2860 1093 2923 quamquam,

50 2945 73 2986 ⁸⁰
85 2951 168 3014 quae
180 2929 358 2994 verborum
372 2929 668 3012 sententiarumque
686 2932 859 3013 praecepta
878 2930 963 3011 sunt,
981 2927 1092 2993 eadem

83 3017 123 3082 ad
136 3035 322 3083 sermonem
339 3015 558 3101 pertinebunt.
594 3013 657 3081 Sed
674 3037 747 3081 cum
766 3016 923 3082 orationis
942 3014 1080 3082 indicem
1097 3029 1146 3079 13³

82 3127 196 3172 vocem
223 3105 418 3188 habeamus,
445 3104 479 3168 in
505 3125 584 3169 uoce
612 3107 721 3170 autem
747 3103 811 3170 duo
837 3124 1025 3189 sequamur,
1057 3107 1094 3168 ut

83 3195 172 3260 clara
190 3194 245 3276 sit,
267 3197 306 3258 ut
323 3193 442 3276 suavis,
464 3196 637 3276 utrumque
656 3193 786 3258 omnino
805 3215 826 3258 a
842 3196 961 3257 natura
981 3194 1094 3276 petun-

84 3283 159 3348 dum
183 3286 248 3364 est,
271 3302 383 3346 verum
408 3281 546 3346 alterum
569 3281 756 3346 exercitatio
780 3280 927 3366 augebit,
954 3280 1094 3346 alterum

51 3369 226 3435 aimitstio
253 3389 365 3454 presse
392 3369 594 3453 loquentium
622 3373 655 3434 et
681 3368 807 3434 leniter.
851 3367 944 3432 Nihil
970 3368 1035 3434 fuit
1059 3369 1094 3432 in

85 3455 220 3540 Catulis,
238 3461 277 3522 ut
294 3477 350 3522 eos
369 3456 529 3542 exquisito
547 3456 664 3522 iudicio
683 3461 815 3542 putares
834 3456 884 3522 uti
899 3457 1093 3534 litterarum,
1169 3488 1172 3494 ==

84 3565 283 3631 quamquam
296 3549 390 3612 erant
403 3544 556 3628 litterati;
573 3544 630 3609 sed
649 3547 683 3609 et
701 3543 825 3627 alii3hi
843 3547 952 3610 autem
971 3541 1093 3625 optima
