<?xml version="1.0" encoding="UTF-8"?>
<!DOCTYPE html PUBLIC "-//W3C//DTD XHTML 1.0 Transitional//EN"
    "http://www.w3.org/TR/xhtml1/DTD/xhtml1-transitional.dtd">
<html xmlns="http://www.w3.org/1999/xhtml" xml:lang="en" lang="en">
 <head>
  <title>
</title>
<meta http-equiv="Content-Type" content="text/html;charset=utf-8" />
  <meta name='ocr-system' content='tesseract 3.04.00' />
  <meta name='ocr-capabilities' content='ocr_page ocr_carea ocr_par ocr_line ocrx_word'/>
</head>
<body>
  <div class='ocr_page' id='page_1' title='image "./mtulliiciceroni04mlgoog_0290.png"; bbox 0 0 2578 3950; ppageno 0'>
   <div class='ocr_carea' id='block_1_1' title="bbox 425 205 1120 274">
    <p class='ocr_par' dir='ltr' id='par_1_1' title="bbox 425 205 1120 274">
     <span class='ocr_line' id='line_1_1' title="bbox 425 205 1120 274; baseline 0.022 -15"><span class='ocrx_word' id='word_1_1' title='bbox 425 205 499 262; x_wconf 79' lang='grc' dir='ltr'><strong>ΟΑΡ.</strong></span> <span class='ocrx_word' id='word_1_2' title='bbox 521 213 633 261; x_wconf 81' lang='lat'>11-13</span> <span class='ocrx_word' id='word_1_3' title='bbox 670 213 816 274; x_wconf 74' lang='lat' dir='ltr'>§ro-ee</span> <span class='ocrx_word' id='word_1_4' title='bbox 1055 209 1120 273; x_wconf 78' lang='lat'>227</span> 
     </span>
    </p>
   </div>
   <div class='ocr_carea' id='block_1_2' title="bbox 7 349 1172 3631">
    <p class='ocr_par' dir='ltr' id='par_1_2' title="bbox 7 349 1172 3631">
     <span class='ocr_line' id='line_1_2' title="bbox 111 349 1120 457; baseline 0.004 -25"><span class='ocrx_word' id='word_1_5' title='bbox 111 367 280 433; x_wconf 77' lang='lat' dir='ltr'>distribuit</span> <span class='ocrx_word' id='word_1_6' title='bbox 265 367 488 432; x_wconf 89' lang='lat' dir='ltr'>tanimorum</span> <span class='ocrx_word' id='word_1_7' title='bbox 518 349 550 433; x_wconf 90' lang='lat' dir='ltr'>et</span> <span class='ocrx_word' id='word_1_8' title='bbox 578 369 724 453; x_wconf 84' lang='lat' dir='ltr'>singulos</span> <span class='ocrx_word' id='word_1_9' title='bbox 753 369 899 434; x_wconf 90' lang='lat' dir='ltr'>adiunxit</span> <span class='ocrx_word' id='word_1_10' title='bbox 927 369 967 435; x_wconf 91' lang='lat' dir='ltr'>ad</span> <span class='ocrx_word' id='word_1_11' title='bbox 990 365 1120 457; x_wconf 83' lang='lat' dir='ltr'>singula</span> 
     </span>
     <span class='ocr_line' id='line_1_3' title="bbox 112 456 1120 611; baseline 0.004 -91.082"><span class='ocrx_word' id='word_1_12' title='bbox 112 461 211 540; x_wconf 89' lang='lat' dir='ltr'>atque</span> <span class='ocrx_word' id='word_1_13' title='bbox 233 456 280 520; x_wconf 89' lang='lat' dir='ltr'>ita</span> <span class='ocrx_word' id='word_1_14' title='bbox 305 457 397 540; x_wconf 80' lang='lat' dir='ltr'>quasi</span> <span class='ocrx_word' id='word_1_15' title='bbox 420 456 454 520; x_wconf 91' lang='grc' dir='ltr'>ιιι</span> <span class='ocrx_word' id='word_1_16' title='bbox 477 477 606 522; x_wconf 81' lang='lat' dir='ltr'>currum</span> <span class='ocrx_word' id='word_1_17' title='bbox 629 457 770 523; x_wconf 88' lang='lat' dir='ltr'>universi</span> <span class='ocrx_word' id='word_1_18' title='bbox 771 459 850 522; x_wconf 92' lang='lat' dir='ltr'>tatis</span> <span class='ocrx_word' id='word_1_19' title='bbox 859 459 1018 611; x_wconf 58' lang='lat' dir='ltr'>inpotsuit</span> <span class='ocrx_word' id='word_1_20' title='bbox 1036 481 1120 524; x_wconf 87' lang='lat' dir='ltr'>com-</span> 
     </span>
     <span class='ocr_line' id='line_1_4' title="bbox 111 543 1120 630; baseline 0.001 -20"><span class='ocrx_word' id='word_1_21' title='bbox 111 543 370 628; x_wconf 82' lang='lat' dir='ltr'>monstravitque</span> <span class='ocrx_word' id='word_1_22' title='bbox 393 545 554 630; x_wconf 82' lang='lat' dir='ltr'>legest</span> <span class='ocrx_word' id='word_1_23' title='bbox 505 545 554 610; x_wconf 86' lang='lat' dir='ltr'>fat</span> <span class='ocrx_word' id='word_1_24' title='bbox 555 546 622 610; x_wconf 88' lang='lat' dir='ltr'>ales</span> <span class='ocrx_word' id='word_1_25' title='bbox 647 568 684 610; x_wconf 84' lang='lat' dir='ltr'>aa</span> <span class='ocrx_word' id='word_1_26' title='bbox 706 567 904 611; x_wconf 85' lang='lat' dir='ltr'>necessarras</span> <span class='ocrx_word' id='word_1_27' title='bbox 925 548 1120 613; x_wconf 81' lang='lat' dir='ltr'>sostendit</span> 
     </span>
     <span class='ocr_line' id='line_1_5' title="bbox 110 633 1119 719; baseline 0.004 -23"><span class='ocrx_word' id='word_1_28' title='bbox 110 633 251 719; x_wconf 89' lang='lat' dir='ltr'>primum</span> <span class='ocrx_word' id='word_1_29' title='bbox 276 637 384 698; x_wconf 91' lang='lat' dir='ltr'>ortum</span> <span class='ocrx_word' id='word_1_30' title='bbox 406 653 507 698; x_wconf 89' lang='lat' dir='ltr'>unum</span> <span class='ocrx_word' id='word_1_31' title='bbox 529 633 599 699; x_wconf 86' lang='lat' dir='ltr'>fore</span> <span class='ocrx_word' id='word_1_32' title='bbox 618 635 784 718; x_wconf 90' lang='lat' dir='ltr'>omnibus,</span> <span class='ocrx_word' id='word_1_33' title='bbox 815 656 952 719; x_wconf 90' lang='lat' dir='ltr'>eumque</span> <span class='ocrx_word' id='word_1_34' title='bbox 974 636 1119 700; x_wconf 86' lang='lat' dir='ltr'>modera-</span> 
     </span>
     <span class='ocr_line' id='line_1_6' title="bbox 83 723 1119 806; baseline 0.008 -26"><span class='ocrx_word' id='word_1_35' title='bbox 83 726 182 786; x_wconf 81' lang='lat' dir='ltr'>stum</span> <span class='ocrx_word' id='word_1_36' title='bbox 206 725 303 805; x_wconf 89' lang='lat' dir='ltr'>atque</span> <span class='ocrx_word' id='word_1_37' title='bbox 326 725 529 786; x_wconf 88' lang='lat' dir='ltr'>constantem</span> <span class='ocrx_word' id='word_1_38' title='bbox 552 743 610 787; x_wconf 86' lang='lat' dir='ltr'>nec</span> <span class='ocrx_word' id='word_1_39' title='bbox 634 723 676 786; x_wconf 88' lang='lat' dir='ltr'>ab</span> <span class='ocrx_word' id='word_1_40' title='bbox 703 723 771 788; x_wconf 91' lang='lat' dir='ltr'>ullo</span> <span class='ocrx_word' id='word_1_41' title='bbox 799 723 1008 806; x_wconf 89' lang='lat' dir='ltr'>inminutum,</span> <span class='ocrx_word' id='word_1_42' title='bbox 1038 725 1119 788; x_wconf 87' lang='lat' dir='ltr'>satis</span> 
     </span>
     <span class='ocr_line' id='line_1_7' title="bbox 112 810 1119 896; baseline 0.002 -21"><span class='ocrx_word' id='word_1_43' title='bbox 112 813 220 875; x_wconf 89' lang='lat' dir='ltr'>autem</span> <span class='ocrx_word' id='word_1_44' title='bbox 244 815 277 873; x_wconf 92' lang='lat' dir='ltr'>et</span> <span class='ocrx_word' id='word_1_45' title='bbox 300 810 392 893; x_wconf 87' lang='lat' dir='ltr'>qnasi</span> <span class='ocrx_word' id='word_1_46' title='bbox 420 810 542 894; x_wconf 83' lang='lat' dir='ltr'>sparsis</span> <span class='ocrx_word' id='word_1_47' title='bbox 573 810 689 876; x_wconf 88' lang='lat' dir='ltr'>animis</span> <span class='ocrx_word' id='word_1_48' title='bbox 712 810 782 876; x_wconf 86' lang='lat' dir='ltr'>fore</span> <span class='ocrx_word' id='word_1_49' title='bbox 805 811 853 875; x_wconf 91' lang='lat' dir='ltr'>uti</span> <span class='ocrx_word' id='word_1_50' title='bbox 877 812 973 876; x_wconf 89' lang='lat' dir='ltr'>certis</span> <span class='ocrx_word' id='word_1_51' title='bbox 996 817 1119 896; x_wconf 83' lang='lat' dir='ltr'>tempo</span> 
     </span>
     <span class='ocr_line' id='line_1_8' title="bbox 110 898 1119 984; baseline 0.002 -21"><span class='ocrx_word' id='word_1_52' title='bbox 110 920 183 964; x_wconf 86' lang='lat' dir='ltr'>rum</span> <span class='ocrx_word' id='word_1_53' title='bbox 202 898 384 963; x_wconf 84' lang='lat' dir='ltr'>intervallis</span> <span class='ocrx_word' id='word_1_54' title='bbox 403 903 510 963; x_wconf 87' lang='lat' dir='ltr'>oreret</span> <span class='ocrx_word' id='word_1_55' title='bbox 511 920 549 964; x_wconf 90' lang='lat' dir='ltr'>ur</span> <span class='ocrx_word' id='word_1_56' title='bbox 496 899 704 983; x_wconf 86' lang='lat' dir='ltr'>tanimal,</span> <span class='ocrx_word' id='word_1_57' title='bbox 727 900 813 984; x_wconf 89' lang='lat' dir='ltr'>quod</span> <span class='ocrx_word' id='word_1_58' title='bbox 832 904 917 964; x_wconf 88' lang='lat' dir='ltr'>esset</span> <span class='ocrx_word' id='word_1_59' title='bbox 936 901 976 964; x_wconf 88' lang='lat' dir='ltr'>ad</span> <span class='ocrx_word' id='word_1_60' title='bbox 996 901 1063 965; x_wconf 86' lang='lat' dir='ltr'>cult</span> <span class='ocrx_word' id='word_1_61' title='bbox 1049 905 1119 965; x_wconf 87' lang='lat' dir='ltr'>tum</span> 
     </span>
     <span class='ocr_line' id='line_1_9' title="bbox 111 979 1171 1077; baseline 0.004 -27"><span class='ocrx_word' id='word_1_62' title='bbox 111 979 244 1051; x_wconf 87' lang='lat' dir='ltr'>deorum</span> <span class='ocrx_word' id='word_1_63' title='bbox 272 986 496 1070; x_wconf 89' lang='lat' dir='ltr'>aptissumum.</span> <span class='ocrx_word' id='word_1_64' title='bbox 542 985 603 1052; x_wconf 86' lang='lat' dir='ltr'>Sed</span> <span class='ocrx_word' id='word_1_65' title='bbox 631 1009 703 1052; x_wconf 89' lang='lat' dir='ltr'>cum</span> <span class='ocrx_word' id='word_1_66' title='bbox 736 987 852 1072; x_wconf 86' lang='lat' dir='ltr'>duplex</span> <span class='ocrx_word' id='word_1_67' title='bbox 885 993 970 1052; x_wconf 89' lang='lat' dir='ltr'>esset</span> <span class='ocrx_word' id='word_1_68' title='bbox 1002 993 1171 1077; x_wconf 67' lang='lat' dir='ltr'>naturast</span> 
     </span>
     <span class='ocr_line' id='line_1_10' title="bbox 112 1071 1118 1162; baseline 0.002 -23"><span class='ocrx_word' id='word_1_69' title='bbox 112 1074 239 1159; x_wconf 84' lang='lat' dir='ltr'>generis</span> <span class='ocrx_word' id='word_1_70' title='bbox 266 1075 413 1158; x_wconf 86' lang='lat' dir='ltr'>humani,</span> <span class='ocrx_word' id='word_1_71' title='bbox 441 1076 487 1140; x_wconf 90' lang='lat' dir='ltr'>sic</span> <span class='ocrx_word' id='word_1_72' title='bbox 516 1096 549 1139; x_wconf 91' lang='lat' dir='ltr'>se</span> <span class='ocrx_word' id='word_1_73' title='bbox 577 1097 627 1140; x_wconf 90' lang='lat' dir='ltr'>res</span> <span class='ocrx_word' id='word_1_74' title='bbox 656 1076 812 1160; x_wconf 89' lang='lat' dir='ltr'>habebat,</span> <span class='ocrx_word' id='word_1_75' title='bbox 839 1080 876 1140; x_wconf 92' lang='lat' dir='ltr'>ut</span> <span class='ocrx_word' id='word_1_76' title='bbox 898 1071 1118 1162; x_wconf 88' lang='lat' dir='ltr'>praestantius</span> 
     </span>
     <span class='ocr_line' id='line_1_11' title="bbox 72 1162 1118 1248; baseline 0.002 -21"><span class='ocrx_word' id='word_1_77' title='bbox 72 1180 98 1220; x_wconf 82' lang='grc' dir='ltr'>ιο</span> <span class='ocrx_word' id='word_1_78' title='bbox 112 1183 214 1248; x_wconf 82' lang='lat' dir='ltr'>genus</span> <span class='ocrx_word' id='word_1_79' title='bbox 238 1167 324 1228; x_wconf 88' lang='lat' dir='ltr'>esset</span> <span class='ocrx_word' id='word_1_80' title='bbox 343 1184 462 1247; x_wconf 89' lang='lat' dir='ltr'>eorum,</span> <span class='ocrx_word' id='word_1_81' title='bbox 485 1164 541 1247; x_wconf 91' lang='lat' dir='ltr'>qui</span> <span class='ocrx_word' id='word_1_82' title='bbox 560 1168 669 1228; x_wconf 89' lang='lat' dir='ltr'>essent</span> <span class='ocrx_word' id='word_1_83' title='bbox 686 1163 836 1228; x_wconf 83' lang='lat' dir='ltr'>futuri</span> <span class='ocrx_word' id='word_1_84' title='bbox 806 1164 876 1229; x_wconf 84' lang='lat' dir='ltr'>vrri.</span> <span class='ocrx_word' id='word_1_85' title='bbox 909 1162 990 1229; x_wconf 82' lang='lat' dir='ltr'>Oum</span> <span class='ocrx_word' id='word_1_86' title='bbox 1010 1170 1118 1230; x_wconf 90' lang='lat' dir='ltr'>autem</span> 
     </span>
     <span class='ocr_line' id='line_1_12' title="bbox 112 1251 1118 1337; baseline 0.002 -21"><span class='ocrx_word' id='word_1_87' title='bbox 112 1251 238 1316; x_wconf 89' lang='lat' dir='ltr'>animos</span> <span class='ocrx_word' id='word_1_88' title='bbox 266 1253 454 1336; x_wconf 78' lang='lat' dir='ltr'>corporibus</span> <span class='ocrx_word' id='word_1_89' title='bbox 482 1252 674 1316; x_wconf 88' lang='lat' dir='ltr'>necessitate</span> <span class='ocrx_word' id='word_1_90' title='bbox 703 1252 886 1335; x_wconf 89' lang='lat' dir='ltr'>insevisset,</span> <span class='ocrx_word' id='word_1_91' title='bbox 914 1273 1050 1337; x_wconf 90' lang='lat' dir='ltr'>cumque</span> <span class='ocrx_word' id='word_1_92' title='bbox 1079 1253 1118 1318; x_wconf 85' lang='lat' dir='ltr'>ad</span> 
     </span>
     <span class='ocr_line' id='line_1_13' title="bbox 112 1339 1119 1426; baseline 0.002 -22"><span class='ocrx_word' id='word_1_93' title='bbox 112 1344 341 1424; x_wconf 84' lang='lat' dir='ltr'>corporatum</span> <span class='ocrx_word' id='word_1_94' title='bbox 365 1339 505 1404; x_wconf 85' lang='lat' dir='ltr'>accessio</span> <span class='ocrx_word' id='word_1_95' title='bbox 528 1341 632 1422; x_wconf 92' lang='lat' dir='ltr'>fieret,</span> <span class='ocrx_word' id='word_1_96' title='bbox 660 1344 730 1404; x_wconf 91' lang='lat' dir='ltr'>tum</span> <span class='ocrx_word' id='word_1_97' title='bbox 754 1340 930 1423; x_wconf 83' lang='lat' dir='ltr'>abscessio,</span> <span class='ocrx_word' id='word_1_98' title='bbox 960 1342 1119 1426; x_wconf 89' lang='lat' dir='ltr'>principio</span> 
     </span>
     <span class='ocr_line' id='line_1_14' title="bbox 111 1429 1119 1513; baseline 0.002 -21"><span class='ocrx_word' id='word_1_99' title='bbox 111 1447 240 1492; x_wconf 90' lang='lat' dir='ltr'>necesse</span> <span class='ocrx_word' id='word_1_100' title='bbox 273 1431 343 1492; x_wconf 87' lang='lat' dir='ltr'>erat</span> <span class='ocrx_word' id='word_1_101' title='bbox 375 1449 504 1492; x_wconf 90' lang='lat' dir='ltr'>sensum</span> <span class='ocrx_word' id='word_1_102' title='bbox 537 1429 690 1493; x_wconf 83' lang='lat' dir='ltr'>exsistere</span> <span class='ocrx_word' id='word_1_103' title='bbox 722 1449 822 1492; x_wconf 89' lang='lat' dir='ltr'>unum</span> <span class='ocrx_word' id='word_1_104' title='bbox 854 1450 1119 1513; x_wconf 85' lang='lat' dir='ltr'>communemque</span> 
     </span>
     <span class='ocr_line' id='line_1_15' title="bbox 113 1516 1119 1601; baseline 0.001 -21"><span class='ocrx_word' id='word_1_105' title='bbox 113 1516 257 1580; x_wconf 88' lang='lat' dir='ltr'>omnium</span> <span class='ocrx_word' id='word_1_106' title='bbox 280 1516 520 1581; x_wconf 85' lang='lat' dir='ltr'>vehementiore</span> <span class='ocrx_word' id='word_1_107' title='bbox 543 1520 634 1581; x_wconf 92' lang='lat' dir='ltr'>motu</span> <span class='ocrx_word' id='word_1_108' title='bbox 657 1517 832 1581; x_wconf 87' lang='lat' dir='ltr'>excitatum</span> <span class='ocrx_word' id='word_1_109' title='bbox 852 1517 1119 1601; x_wconf 90' lang='lat' dir='ltr'>coniunctumque</span> 
     </span>
     <span class='ocr_line' id='line_1_16' title="bbox 73 1603 1120 1692; baseline 0.001 -24"><span class='ocrx_word' id='word_1_110' title='bbox 73 1617 98 1661; x_wconf 78' lang='lat'>1⁵</span> <span class='ocrx_word' id='word_1_111' title='bbox 111 1607 257 1686; x_wconf 87' lang='lat' dir='ltr'>naturae,</span> <span class='ocrx_word' id='word_1_112' title='bbox 277 1603 389 1668; x_wconf 89' lang='lat' dir='ltr'>deinde</span> <span class='ocrx_word' id='word_1_113' title='bbox 406 1605 574 1689; x_wconf 83' lang='lat' dir='ltr'>voluptate</span> <span class='ocrx_word' id='word_1_114' title='bbox 589 1609 622 1668; x_wconf 90' lang='lat' dir='ltr'>et</span> <span class='ocrx_word' id='word_1_115' title='bbox 641 1605 792 1669; x_wconf 89' lang='lat' dir='ltr'>molestia</span> <span class='ocrx_word' id='word_1_116' title='bbox 810 1605 948 1669; x_wconf 89' lang='lat' dir='ltr'>mixtum</span> <span class='ocrx_word' id='word_1_117' title='bbox 968 1627 1120 1692; x_wconf 88' lang='lat' dir='ltr'>amorem,</span> 
     </span>
     <span class='ocr_line' id='line_1_17' title="bbox 7 1692 1119 1804; baseline 0.002 -48"><span class='ocrx_word' id='word_1_118' title='bbox 7 1701 10 1804; x_wconf 61' lang='lat' dir='ltr'>q</span> <span class='ocrx_word' id='word_1_119' title='bbox 111 1695 187 1776; x_wconf 89' lang='lat' dir='ltr'>post</span> <span class='ocrx_word' id='word_1_120' title='bbox 209 1692 292 1756; x_wconf 88' lang='lat' dir='ltr'>iram</span> <span class='ocrx_word' id='word_1_121' title='bbox 316 1695 348 1756; x_wconf 88' lang='lat' dir='ltr'>et</span> <span class='ocrx_word' id='word_1_122' title='bbox 371 1696 493 1756; x_wconf 89' lang='lat' dir='ltr'>metum</span> <span class='ocrx_word' id='word_1_123' title='bbox 517 1697 550 1756; x_wconf 91' lang='lat' dir='ltr'>et</span> <span class='ocrx_word' id='word_1_124' title='bbox 567 1692 710 1777; x_wconf 89' lang='lat' dir='ltr'>reliquos</span> <span class='ocrx_word' id='word_1_125' title='bbox 729 1697 837 1757; x_wconf 91' lang='lat' dir='ltr'>motus</span> <span class='ocrx_word' id='word_1_126' title='bbox 857 1694 967 1776; x_wconf 90' lang='lat' dir='ltr'>animi,</span> <span class='ocrx_word' id='word_1_127' title='bbox 985 1694 1119 1759; x_wconf 75' lang='lat' dir='ltr'>comites</span> 
     </span>
     <span class='ocr_line' id='line_1_18' title="bbox 112 1780 1119 1880; baseline 0.004 -37"><span class='ocrx_word' id='word_1_128' title='bbox 112 1780 314 1880; x_wconf 85' lang='lat' dir='ltr'>superiorum</span> <span class='ocrx_word' id='word_1_129' title='bbox 338 1784 371 1844; x_wconf 91' lang='lat' dir='ltr'>et</span> <span class='ocrx_word' id='word_1_130' title='bbox 398 1781 439 1844; x_wconf 89' lang='lat' dir='ltr'>iis</span> <span class='ocrx_word' id='word_1_131' title='bbox 467 1781 566 1844; x_wconf 89' lang='lat' dir='ltr'>etiam</span> <span class='ocrx_word' id='word_1_132' title='bbox 595 1781 774 1846; x_wconf 85' lang='lat' dir='ltr'>contrarios</span> <span class='ocrx_word' id='word_1_133' title='bbox 803 1781 1007 1865; x_wconf 83' lang='lat' dir='ltr'>dissidentes3</span> <span class='ocrx_word' id='word_1_134' title='bbox 1038 1798 1119 1866; x_wconf 84' lang='lat' dir='ltr'>quos</span> 
     </span>
     <span class='ocr_line' id='line_1_19' title="bbox 113 1868 1119 1953; baseline 0.002 -21"><span class='ocrx_word' id='word_1_135' title='bbox 113 1868 168 1950; x_wconf 93' lang='lat' dir='ltr'>qui</span> <span class='ocrx_word' id='word_1_136' title='bbox 191 1868 316 1933; x_wconf 88' lang='lat' dir='ltr'>ratione</span> <span class='ocrx_word' id='word_1_137' title='bbox 339 1868 467 1950; x_wconf 85' lang='lat' dir='ltr'>rexerit,</span> <span class='ocrx_word' id='word_1_138' title='bbox 489 1868 574 1932; x_wconf 89' lang='lat' dir='ltr'>iuste</span> <span class='ocrx_word' id='word_1_139' title='bbox 596 1869 714 1933; x_wconf 81' lang='lat' dir='ltr'>vixerit</span> <span class='ocrx_word' id='word_1_140' title='bbox 715 1869 801 1953; x_wconf 91' lang='lat' dir='ltr'>,qui</span> <span class='ocrx_word' id='word_1_141' title='bbox 825 1871 964 1933; x_wconf 88' lang='lat' dir='ltr'>autem&#39;</span> <span class='ocrx_word' id='word_1_142' title='bbox 955 1870 996 1933; x_wconf 89' lang='lat' dir='ltr'>ris</span> <span class='ocrx_word' id='word_1_143' title='bbox 1016 1891 1049 1934; x_wconf 92' lang='lat' dir='ltr'>se</span> <span class='ocrx_word' id='word_1_144' title='bbox 1069 1869 1119 1934; x_wconf 91' lang='lat' dir='ltr'>de·</span> 
     </span>
     <span class='ocr_line' id='line_1_20' title="bbox 7 1956 1171 2044; baseline 0.007 -26"><span class='ocrx_word' id='word_1_145' title='bbox 7 2009 9 2044; x_wconf 80' lang='lat'>,</span> <span class='ocrx_word' id='word_1_146' title='bbox 113 1956 278 2039; x_wconf 50' lang='lat' dir='ltr'>diderits</span> <span class='ocrx_word' id='word_1_147' title='bbox 268 1956 396 2020; x_wconf 77' lang='lat' dir='ltr'>iniuste.</span> <span class='ocrx_word' id='word_1_148' title='bbox 442 1956 550 2040; x_wconf 83' lang='lat' dir='ltr'>Atque</span> <span class='ocrx_word' id='word_1_149' title='bbox 572 1957 642 2041; x_wconf 89' lang='lat' dir='ltr'>ille,</span> <span class='ocrx_word' id='word_1_150' title='bbox 671 1958 725 2041; x_wconf 93' lang='lat' dir='ltr'>qui</span> <span class='ocrx_word' id='word_1_151' title='bbox 754 1961 840 2022; x_wconf 85' lang='lat' dir='ltr'>recte</span> <span class='ocrx_word' id='word_1_152' title='bbox 864 1960 961 2041; x_wconf 85' lang='lat' dir='ltr'>atque</span> <span class='ocrx_word' id='word_1_153' title='bbox 984 1958 1101 2022; x_wconf 90' lang='lat' dir='ltr'>honest</span> <span class='ocrx_word' id='word_1_154' title='bbox 1087 1961 1119 2022; x_wconf 90' lang='lat' dir='ltr'>te</span> <span class='ocrx_word' id='word_1_155' title='bbox 1138 1978 1171 2026; x_wconf 82' lang='lat'>45</span> 
     </span>
     <span class='ocr_line' id='line_1_21' title="bbox 7 2044 1120 2129; baseline 0.001 -21"><span class='ocrx_word' id='word_1_156' title='bbox 7 2045 8 2058; x_wconf 60' lang='lat'>¹</span> <span class='ocrx_word' id='word_1_157' title='bbox 71 2061 97 2101; x_wconf 71' lang='grc' dir='ltr'>ιο</span> <span class='ocrx_word' id='word_1_158' title='bbox 113 2044 306 2108; x_wconf 89' lang='lat' dir='ltr'>curriculum</span> <span class='ocrx_word' id='word_1_159' title='bbox 324 2044 451 2110; x_wconf 83' lang='lat' dir='ltr'>vivendi</span> <span class='ocrx_word' id='word_1_160' title='bbox 471 2049 624 2109; x_wconf 83' lang='lat' dir='ltr'>enatura</span> <span class='ocrx_word' id='word_1_161' title='bbox 644 2045 699 2110; x_wconf 90' lang='lat' dir='ltr'>dat</span> <span class='ocrx_word' id='word_1_162' title='bbox 685 2049 755 2110; x_wconf 90' lang='lat' dir='ltr'>tum</span> <span class='ocrx_word' id='word_1_163' title='bbox 774 2044 956 2129; x_wconf 88' lang='lat' dir='ltr'>confecerit,</span> <span class='ocrx_word' id='word_1_164' title='bbox 980 2045 1020 2110; x_wconf 90' lang='lat' dir='ltr'>ad</span> <span class='ocrx_word' id='word_1_165' title='bbox 1038 2045 1120 2111; x_wconf 89' lang='lat' dir='ltr'>illud</span> 
     </span>
     <span class='ocr_line' id='line_1_22' title="bbox 114 2133 1119 2218; baseline 0.002 -22"><span class='ocrx_word' id='word_1_166' title='bbox 114 2135 252 2216; x_wconf 89' lang='lat' dir='ltr'>astrum,</span> <span class='ocrx_word' id='word_1_167' title='bbox 280 2153 417 2215; x_wconf 91' lang='lat' dir='ltr'>quocum</span> <span class='ocrx_word' id='word_1_168' title='bbox 445 2136 540 2217; x_wconf 88' lang='lat' dir='ltr'>aptus</span> <span class='ocrx_word' id='word_1_169' title='bbox 567 2133 679 2218; x_wconf 81' lang='lat' dir='ltr'>fuerit,</span> <span class='ocrx_word' id='word_1_170' title='bbox 706 2137 900 2217; x_wconf 82' lang='lat' dir='ltr'>revertetur3</span> <span class='ocrx_word' id='word_1_171' title='bbox 929 2133 984 2218; x_wconf 93' lang='lat' dir='ltr'>qui</span> <span class='ocrx_word' id='word_1_172' title='bbox 1011 2138 1067 2198; x_wconf 90' lang='lat' dir='ltr'>aut</span> <span class='ocrx_word' id='word_1_173' title='bbox 1069 2156 1119 2198; x_wconf 92' lang='lat' dir='ltr'>em</span> 
     </span>
     <span class='ocr_line' id='line_1_23' title="bbox 112 2220 1118 2306; baseline 0.002 -22"><span class='ocrx_word' id='word_1_174' title='bbox 112 2220 311 2285; x_wconf 84' lang='lat' dir='ltr'>inmoderate</span> <span class='ocrx_word' id='word_1_175' title='bbox 330 2225 363 2284; x_wconf 88' lang='lat' dir='ltr'>et</span> <span class='ocrx_word' id='word_1_176' title='bbox 380 2221 594 2306; x_wconf 81' lang='lat' dir='ltr'>intemperate</span> <span class='ocrx_word' id='word_1_177' title='bbox 612 2221 738 2306; x_wconf 90' lang='lat' dir='ltr'>vixerit,</span> <span class='ocrx_word' id='word_1_178' title='bbox 760 2244 832 2286; x_wconf 91' lang='lat' dir='ltr'>eum</span> <span class='ocrx_word' id='word_1_179' title='bbox 852 2222 1009 2288; x_wconf 89' lang='lat' dir='ltr'>secundus</span> <span class='ocrx_word' id='word_1_180' title='bbox 1028 2227 1118 2288; x_wconf 89' lang='lat' dir='ltr'>ortus</span> 
     </span>
     <span class='ocr_line' id='line_1_24' title="bbox 112 2308 1120 2394; baseline 0.003 -23"><span class='ocrx_word' id='word_1_181' title='bbox 112 2309 146 2371; x_wconf 93' lang='lat' dir='ltr'>in</span> <span class='ocrx_word' id='word_1_182' title='bbox 169 2309 308 2393; x_wconf 80' lang='lat' dir='ltr'>figuram</span> <span class='ocrx_word' id='word_1_183' title='bbox 330 2308 521 2373; x_wconf 86' lang='lat' dir='ltr'>muliebrem</span> <span class='ocrx_word' id='word_1_184' title='bbox 549 2310 738 2394; x_wconf 84' lang='lat' dir='ltr'>transferet,</span> <span class='ocrx_word' id='word_1_185' title='bbox 767 2315 812 2394; x_wconf 91' lang='lat' dir='ltr'>et,</span> <span class='ocrx_word' id='word_1_186' title='bbox 841 2310 868 2374; x_wconf 92' lang='lat' dir='ltr'>si</span> <span class='ocrx_word' id='word_1_187' title='bbox 895 2314 1029 2375; x_wconf 90' lang='lat' dir='ltr'>netum</span> <span class='ocrx_word' id='word_1_188' title='bbox 1053 2312 1120 2394; x_wconf 86' lang='lat' dir='ltr'>qui·</span> 
     </span>
     <span class='ocr_line' id='line_1_25' title="bbox 113 2396 1120 2483; baseline 0.003 -24"><span class='ocrx_word' id='word_1_189' title='bbox 113 2396 186 2461; x_wconf 88' lang='lat' dir='ltr'>dem</span> <span class='ocrx_word' id='word_1_190' title='bbox 213 2396 311 2460; x_wconf 89' lang='lat' dir='ltr'>finem</span> <span class='ocrx_word' id='word_1_191' title='bbox 337 2397 491 2462; x_wconf 85' lang='lat' dir='ltr'>vitiorum</span> <span class='ocrx_word' id='word_1_192' title='bbox 517 2397 628 2480; x_wconf 88' lang='lat' dir='ltr'>faciet,</span> <span class='ocrx_word' id='word_1_193' title='bbox 658 2398 789 2483; x_wconf 81' lang='lat' dir='ltr'>gravius</span> <span class='ocrx_word' id='word_1_194' title='bbox 818 2399 916 2462; x_wconf 88' lang='lat' dir='ltr'>etiam</span> <span class='ocrx_word' id='word_1_195' title='bbox 943 2398 1120 2463; x_wconf 87' lang='lat' dir='ltr'>iactabitur</span> 
     </span>
     <span class='ocr_line' id='line_1_26' title="bbox 7 2485 1120 2571; baseline 0.003 -23"><span class='ocrx_word' id='word_1_196' title='bbox 7 2545 9 2566; x_wconf 69' lang='lat'>,</span> <span class='ocrx_word' id='word_1_197' title='bbox 72 2499 98 2540; x_wconf 81' lang='lat'>²⁵</span> <span class='ocrx_word' id='word_1_198' title='bbox 113 2486 146 2549; x_wconf 89' lang='lat' dir='ltr'>et</span> <span class='ocrx_word' id='word_1_199' title='bbox 168 2485 203 2548; x_wconf 90' lang='lat' dir='ltr'>in</span> <span class='ocrx_word' id='word_1_200' title='bbox 221 2485 287 2548; x_wconf 91' lang='lat' dir='ltr'>suis</span> <span class='ocrx_word' id='word_1_201' title='bbox 306 2485 451 2549; x_wconf 89' lang='lat' dir='ltr'>moribus</span> <span class='ocrx_word' id='word_1_202' title='bbox 471 2485 654 2549; x_wconf 81' lang='lat' dir='ltr'>simillimas</span> <span class='ocrx_word' id='word_1_203' title='bbox 671 2486 793 2570; x_wconf 87' lang='lat' dir='ltr'>figuras</span> <span class='ocrx_word' id='word_1_204' title='bbox 811 2487 969 2571; x_wconf 89' lang='lat' dir='ltr'>pecudum</span> <span class='ocrx_word' id='word_1_205' title='bbox 989 2491 1021 2551; x_wconf 90' lang='lat' dir='ltr'>et</span> <span class='ocrx_word' id='word_1_206' title='bbox 1038 2487 1120 2552; x_wconf 83' lang='lat' dir='ltr'>fera·</span> 
     </span>
     <span class='ocr_line' id='line_1_27' title="bbox 112 2571 1120 2660; baseline 0.003 -25"><span class='ocrx_word' id='word_1_207' title='bbox 112 2594 184 2636; x_wconf 91' lang='lat' dir='ltr'>rum</span> <span class='ocrx_word' id='word_1_208' title='bbox 203 2571 418 2637; x_wconf 84' lang='lat' dir='ltr'>transferetur</span> <span class='ocrx_word' id='word_1_209' title='bbox 435 2594 538 2657; x_wconf 92' lang='lat' dir='ltr'>neque</span> <span class='ocrx_word' id='word_1_210' title='bbox 557 2574 732 2638; x_wconf 89' lang='lat' dir='ltr'>terminum</span> <span class='ocrx_word' id='word_1_211' title='bbox 749 2574 910 2638; x_wconf 85' lang='lat' dir='ltr'>malorum</span> <span class='ocrx_word' id='word_1_212' title='bbox 928 2575 1018 2660; x_wconf 91' lang='lat' dir='ltr'>prius</span> <span class='ocrx_word' id='word_1_213' title='bbox 1038 2577 1120 2660; x_wconf 91' lang='lat' dir='ltr'>aspi-</span> 
     </span>
     <span class='ocr_line' id='line_1_28' title="bbox 112 2660 1120 2746; baseline 0.002 -21"><span class='ocrx_word' id='word_1_214' title='bbox 112 2661 185 2744; x_wconf 84' lang='lat' dir='ltr'>ciet,</span> <span class='ocrx_word' id='word_1_215' title='bbox 199 2663 301 2744; x_wconf 68' lang='lat' dir='ltr'>&#39;quam</span> <span class='ocrx_word' id='word_1_216' title='bbox 315 2660 407 2725; x_wconf 89' lang='lat' dir='ltr'>illam</span> <span class='ocrx_word' id='word_1_217' title='bbox 423 2661 513 2745; x_wconf 91' lang='lat' dir='ltr'>sequi</span> <span class='ocrx_word' id='word_1_218' title='bbox 528 2661 670 2746; x_wconf 87' lang='lat' dir='ltr'>coeperit</span> <span class='ocrx_word' id='word_1_219' title='bbox 684 2662 934 2746; x_wconf 86' lang='lat' dir='ltr'>conversionem,</span> <span class='ocrx_word' id='word_1_220' title='bbox 954 2684 1051 2746; x_wconf 91' lang='lat' dir='ltr'>quam</span> <span class='ocrx_word' id='word_1_221' title='bbox 1065 2664 1120 2728; x_wconf 85' lang='lat' dir='ltr'>ha·</span> 
     </span>
     <span class='ocr_line' id='line_1_29' title="bbox 112 2749 1120 2834; baseline 0.002 -22"><span class='ocrx_word' id='word_1_222' title='bbox 112 2749 212 2813; x_wconf 90' lang='lat' dir='ltr'>bebat</span> <span class='ocrx_word' id='word_1_223' title='bbox 225 2749 261 2813; x_wconf 88' lang='lat' dir='ltr'>in</span> <span class='ocrx_word' id='word_1_224' title='bbox 275 2769 309 2814; x_wconf 89' lang='lat' dir='ltr'>se</span> <span class='ocrx_word' id='word_1_225' title='bbox 324 2749 394 2834; x_wconf 88' lang='lat' dir='ltr'>ipse</span> <span class='ocrx_word' id='word_1_226' title='bbox 414 2749 555 2813; x_wconf 89' lang='lat' dir='ltr'>eiusdem</span> <span class='ocrx_word' id='word_1_227' title='bbox 575 2753 608 2813; x_wconf 91' lang='lat' dir='ltr'>et</span> <span class='ocrx_word' id='word_1_228' title='bbox 627 2749 742 2813; x_wconf 88' lang='lat' dir='ltr'>similis</span> <span class='ocrx_word' id='word_1_229' title='bbox 760 2749 907 2813; x_wconf 89' lang='lat' dir='ltr'>innatam</span> <span class='ocrx_word' id='word_1_230' title='bbox 927 2753 959 2813; x_wconf 91' lang='lat' dir='ltr'>et</span> <span class='ocrx_word' id='word_1_231' title='bbox 978 2750 1120 2814; x_wconf 79' lang='lat' dir='ltr'>insitam.</span> 
     </span>
     <span class='ocr_line' id='line_1_30' title="bbox 78 2833 1120 2922; baseline 0.002 -22"><span class='ocrx_word' id='word_1_232' title='bbox 78 2847 84 2857; x_wconf 90' lang='lat'>&#39;</span> <span class='ocrx_word' id='word_1_233' title='bbox 112 2833 205 2912; x_wconf 80' lang='lat' dir='ltr'>Quod</span> <span class='ocrx_word' id='word_1_234' title='bbox 222 2839 293 2901; x_wconf 92' lang='lat' dir='ltr'>tum</span> <span class='ocrx_word' id='word_1_235' title='bbox 313 2837 447 2922; x_wconf 83' lang='lat' dir='ltr'>eveniet,</span> <span class='ocrx_word' id='word_1_236' title='bbox 465 2859 538 2902; x_wconf 90' lang='lat' dir='ltr'>oum</span> <span class='ocrx_word' id='word_1_237' title='bbox 556 2838 622 2920; x_wconf 89' lang='lat' dir='ltr'>illa,</span> <span class='ocrx_word' id='word_1_238' title='bbox 642 2859 723 2922; x_wconf 88' lang='lat' dir='ltr'>quae</span> <span class='ocrx_word' id='word_1_239' title='bbox 738 2858 776 2901; x_wconf 89' lang='lat' dir='ltr'>ex</span> <span class='ocrx_word' id='word_1_240' title='bbox 790 2837 867 2922; x_wconf 81' lang='lat' dir='ltr'>igni,</span> <span class='ocrx_word' id='word_1_241' title='bbox 887 2837 1004 2922; x_wconf 89' lang='lat' dir='ltr'>anima,</span> <span class='ocrx_word' id='word_1_242' title='bbox 1027 2859 1120 2922; x_wconf 90' lang='lat' dir='ltr'>aqua,</span> 
     </span>
     <span class='ocr_line' id='line_1_31' title="bbox 71 2925 1120 3027; baseline 0.008 -45"><span class='ocrx_word' id='word_1_243' title='bbox 71 2939 97 2982; x_wconf 83' lang='grc' dir='ltr'>ιο</span> <span class='ocrx_word' id='word_1_244' title='bbox 111 2928 201 2988; x_wconf 84' lang='lat' dir='ltr'>terra</span> <span class='ocrx_word' id='word_1_245' title='bbox 214 2925 402 2990; x_wconf 88' lang='lat' dir='ltr'>turbulenta</span> <span class='ocrx_word' id='word_1_246' title='bbox 421 2930 454 2989; x_wconf 91' lang='lat' dir='ltr'>et</span> <span class='ocrx_word' id='word_1_247' title='bbox 472 2926 608 2992; x_wconf 88' lang='lat' dir='ltr'>rationis</span> <span class='ocrx_word' id='word_1_248' title='bbox 627 2925 772 3011; x_wconf 86' lang='lat' dir='ltr'>expertia</span> <span class='ocrx_word' id='word_1_249' title='bbox 790 2925 975 3009; x_wconf 90' lang='lat' dir='ltr'>insederint,</span> <span class='ocrx_word' id='word_1_250' title='bbox 993 2926 1120 3027; x_wconf 78' lang='lat' dir='ltr'>ratione</span> 
     </span>
     <span class='ocr_line' id='line_1_32' title="bbox 113 3013 1120 3099; baseline 0.002 -23"><span class='ocrx_word' id='word_1_251' title='bbox 113 3013 320 3095; x_wconf 90' lang='lat' dir='ltr'>depuleritet</span> <span class='ocrx_word' id='word_1_252' title='bbox 306 3013 565 3099; x_wconf 87' lang='lat' dir='ltr'>tadprimamat</span> <span class='ocrx_word' id='word_1_253' title='bbox 568 3037 628 3099; x_wconf 92' lang='lat' dir='ltr'>que</span> <span class='ocrx_word' id='word_1_254' title='bbox 639 3037 680 3099; x_wconf 94' lang='lat' dir='ltr'>op</span> <span class='ocrx_word' id='word_1_255' title='bbox 683 3015 797 3079; x_wconf 89' lang='lat' dir='ltr'>timam</span> <span class='ocrx_word' id='word_1_256' title='bbox 808 3014 1010 3079; x_wconf 85' lang='lat' dir='ltr'>affectionem</span> <span class='ocrx_word' id='word_1_257' title='bbox 1021 3013 1120 3079; x_wconf 88' lang='lat' dir='ltr'>animi</span> 
     </span>
     <span class='ocr_line' id='line_1_33' title="bbox 111 3081 1172 3207; baseline 0.001 -43"><span class='ocrx_word' id='word_1_258' title='bbox 111 3101 305 3186; x_wconf 86' lang='lat' dir='ltr'>pervenerit.</span> <span class='ocrx_word' id='word_1_259' title='bbox 336 3101 424 3178; x_wconf 85' lang='lat' dir='ltr'>Quae</span> <span class='ocrx_word' id='word_1_260' title='bbox 442 3124 515 3168; x_wconf 91' lang='lat' dir='ltr'>cum</span> <span class='ocrx_word' id='word_1_261' title='bbox 533 3103 560 3166; x_wconf 89' lang='lat' dir='ltr'>it</span> <span class='ocrx_word' id='word_1_262' title='bbox 562 3125 580 3167; x_wconf 86' lang='lat' dir='ltr'>a</span> <span class='ocrx_word' id='word_1_263' title='bbox 600 3104 812 3188; x_wconf 83' lang='lat' dir='ltr'>dissignasset</span> <span class='ocrx_word' id='word_1_264' title='bbox 831 3124 971 3186; x_wconf 90' lang='lat' dir='ltr'>seseque,</span> <span class='ocrx_word' id='word_1_265' title='bbox 996 3102 1023 3165; x_wconf 91' lang='lat' dir='ltr'>si</span> <span class='ocrx_word' id='word_1_266' title='bbox 1043 3081 1172 3207; x_wconf 67' lang='lat' dir='ltr'>quid4613</span> 
     </span>
     <span class='ocr_line' id='line_1_34' title="bbox 110 3159 1172 3280; baseline 0 -26"><span class='ocrx_word' id='word_1_267' title='bbox 110 3193 227 3274; x_wconf 83' lang='lat' dir='ltr'>postea</span> <span class='ocrx_word' id='word_1_268' title='bbox 244 3189 443 3276; x_wconf 82' lang='lat' dir='ltr'>fraudist</span> <span class='ocrx_word' id='word_1_269' title='bbox 386 3193 443 3256; x_wconf 83' lang='lat' dir='ltr'>ant</span> <span class='ocrx_word' id='word_1_270' title='bbox 461 3191 509 3255; x_wconf 85' lang='grc' dir='ltr'>ιιι</span> <span class='ocrx_word' id='word_1_271' title='bbox 510 3191 533 3254; x_wconf 87' lang='grc' dir='ltr'>ιι</span> <span class='ocrx_word' id='word_1_272' title='bbox 552 3191 719 3274; x_wconf 86' lang='lat' dir='ltr'>evenisset,</span> <span class='ocrx_word' id='word_1_273' title='bbox 738 3194 829 3256; x_wconf 88' lang='lat' dir='ltr'>extra</span> <span class='ocrx_word' id='word_1_274' title='bbox 848 3211 975 3255; x_wconf 90' lang='lat' dir='ltr'>omnem</span> <span class='ocrx_word' id='word_1_275' title='bbox 990 3159 1172 3280; x_wconf 78' lang='lat' dir='ltr'>eulpam⁴⁶</span> 
     </span>
     <span class='ocr_line' id='line_1_35' title="bbox 112 3273 1120 3380; baseline 0.002 -38"><span class='ocrx_word' id='word_1_276' title='bbox 112 3299 307 3380; x_wconf 84' lang='lat' dir='ltr'>causamque</span> <span class='ocrx_word' id='word_1_277' title='bbox 329 3279 500 3364; x_wconf 88' lang='lat' dir='ltr'>posuisset,</span> <span class='ocrx_word' id='word_1_278' title='bbox 524 3279 638 3344; x_wconf 90' lang='lat' dir='ltr'>alios</span> <span class='ocrx_word' id='word_1_279' title='bbox 628 3282 815 3361; x_wconf 80' lang='lat' dir='ltr'>interram,</span> <span class='ocrx_word' id='word_1_280' title='bbox 839 3278 952 3343; x_wconf 89' lang='lat' dir='ltr'>alios</span> <span class='ocrx_word' id='word_1_281' title='bbox 943 3300 977 3341; x_wconf 90' lang='grc' dir='ltr'>ιιι</span> <span class='ocrx_word' id='word_1_282' title='bbox 1000 3273 1120 3364; x_wconf 85' lang='lat' dir='ltr'>lunam,</span> 
     </span>
     <span class='ocr_line' id='line_1_36' title="bbox 70 3331 1120 3452; baseline 0.003 -23"><span class='ocrx_word' id='word_1_283' title='bbox 70 3379 97 3422; x_wconf 78' lang='lat'>³⁵</span> <span class='ocrx_word' id='word_1_284' title='bbox 112 3365 219 3430; x_wconf 87' lang='lat' dir='ltr'>alios</span> <span class='ocrx_word' id='word_1_285' title='bbox 210 3389 244 3430; x_wconf 89' lang='lat'>111</span> <span class='ocrx_word' id='word_1_286' title='bbox 258 3367 399 3452; x_wconf 87' lang='lat' dir='ltr'>reliquas</span> <span class='ocrx_word' id='word_1_287' title='bbox 415 3367 525 3433; x_wconf 88' lang='lat' dir='ltr'>mundi</span> <span class='ocrx_word' id='word_1_288' title='bbox 539 3371 613 3452; x_wconf 89' lang='lat' dir='ltr'>part</span> <span class='ocrx_word' id='word_1_289' title='bbox 616 3388 649 3432; x_wconf 90' lang='lat' dir='ltr'>es</span> <span class='ocrx_word' id='word_1_290' title='bbox 650 3389 754 3452; x_wconf 83' lang='lat' dir='ltr'>,quae</span> <span class='ocrx_word' id='word_1_291' title='bbox 770 3389 829 3431; x_wconf 87' lang='lat' dir='ltr'>suu</span> <span class='ocrx_word' id='word_1_292' title='bbox 830 3367 927 3448; x_wconf 90' lang='lat' dir='ltr'>t[ad]</span> <span class='ocrx_word' id='word_1_293' title='bbox 940 3387 998 3452; x_wconf 89' lang='lat' dir='ltr'>spa</span> <span class='ocrx_word' id='word_1_294' title='bbox 999 3331 1120 3433; x_wconf 83' lang='lat' dir='ltr'>tiorurti</span> 
     </span>
     <span class='ocr_line' id='line_1_37' title="bbox 111 3419 1120 3546; baseline 0.003 -28"><span class='ocrx_word' id='word_1_295' title='bbox 111 3455 268 3539; x_wconf 88' lang='lat' dir='ltr'>temporis</span> <span class='ocrx_word' id='word_1_296' title='bbox 298 3455 392 3541; x_wconf 83' lang='lat' dir='ltr'>signa</span> <span class='ocrx_word' id='word_1_297' title='bbox 420 3460 452 3520; x_wconf 87' lang='lat' dir='ltr'>et</span> <span class='ocrx_word' id='word_1_298' title='bbox 479 3459 576 3520; x_wconf 88' lang='lat' dir='ltr'>notae</span> <span class='ocrx_word' id='word_1_299' title='bbox 604 3419 724 3522; x_wconf 87' lang='lat' dir='ltr'>coristit</span> <span class='ocrx_word' id='word_1_300' title='bbox 697 3459 813 3538; x_wconf 88' lang='lat' dir='ltr'>rutae,</span> <span class='ocrx_word' id='word_1_301' title='bbox 842 3477 998 3542; x_wconf 86' lang='lat' dir='ltr'>spargens</span> <span class='ocrx_word' id='word_1_302' title='bbox 1027 3457 1120 3546; x_wconf 86' lang='lat' dir='ltr'>quasi</span> 
     </span>
     <span class='ocr_line' id='line_1_38' title="bbox 111 3539 1119 3631; baseline 0.002 -25"><span class='ocrx_word' id='word_1_303' title='bbox 111 3543 249 3608; x_wconf 89' lang='lat' dir='ltr'>serebat</span> <span class='ocrx_word' id='word_1_304' title='bbox 286 3543 366 3608; x_wconf 91' lang='lat' dir='ltr'>Post</span> <span class='ocrx_word' id='word_1_305' title='bbox 352 3548 445 3609; x_wconf 86' lang='lat' dir='ltr'>ttau</span> <span class='ocrx_word' id='word_1_306' title='bbox 448 3565 497 3610; x_wconf 90' lang='lat' dir='ltr'>em</span> <span class='ocrx_word' id='word_1_307' title='bbox 521 3566 592 3610; x_wconf 90' lang='lat' dir='ltr'>eam</span> <span class='ocrx_word' id='word_1_308' title='bbox 616 3548 667 3610; x_wconf 86' lang='lat' dir='ltr'>sat</span> <span class='ocrx_word' id='word_1_309' title='bbox 669 3545 775 3610; x_wconf 90' lang='lat' dir='ltr'>ionem</span> <span class='ocrx_word' id='word_1_310' title='bbox 798 3545 857 3631; x_wconf 90' lang='lat' dir='ltr'>dis,</span> <span class='ocrx_word' id='word_1_311' title='bbox 880 3549 917 3610; x_wconf 92' lang='lat' dir='ltr'>ut</span> <span class='ocrx_word' id='word_1_312' title='bbox 939 3545 987 3611; x_wconf 85' lang='lat' dir='ltr'>ita</span> <span class='ocrx_word' id='word_1_313' title='bbox 1006 3539 1119 3628; x_wconf 85' lang='lat' dir='ltr'>dicam,</span> 
     </span>
    </p>
   </div>
   <div class='ocr_carea' id='block_1_3' title="bbox 908 3647 960 3702">
    <p class='ocr_par' dir='ltr' id='par_1_3' title="bbox 908 3647 960 3702">
     <span class='ocr_line' id='line_1_39' title="bbox 908 3647 960 3702; baseline 0 0"><span class='ocrx_word' id='word_1_314' title='bbox 908 3647 960 3702; x_wconf 87' lang='grc'>15*</span> 
     </span>
    </p>
   </div>
   <div class='ocr_carea' id='block_1_4' title="bbox 0 0 1297 3950">
    <p class='ocr_par' dir='ltr' id='par_1_4' title="bbox 0 0 1297 3950">
     <span class='ocr_line' id='line_1_40' title="bbox 0 0 1297 3950; baseline 0 0"><span class='ocrx_word' id='word_1_315' title='bbox 0 0 1297 3950; x_wconf 95' lang='lat' dir='ltr'> </span> 
     </span>
    </p>
   </div>
  </div>
 </body>
</html>
