2578 3950
105 259 110 264 *
177 184 242 249 154
414 181 507 236 CATO
525 181 644 236 MAIOR
662 179 712 236 Da
730 179 941 235 SENEGTUTE
1044 193 1047 198 ·

176 350 209 412 et
228 345 313 432 apud
330 363 390 409 nos
409 346 443 408 et
460 341 495 407 in
516 342 589 407 aliis
613 340 809 425 civitatibus,
831 344 869 406 ut
892 362 974 425 quae
997 362 1037 406 ue
1062 340 1191 426 optime

175 436 304 500 morata
318 436 377 516 est,
394 431 443 496 ita
459 429 708 516 diligentissime
727 429 950 494 observantur.
1008 429 1190 513 ysandrum

174 519 478 601 Lacedaemonium,
507 518 597 583 cuius
624 517 720 581 modo
747 515 810 582 feci
837 517 1049 601 mentionem,
1081 517 1190 582 dicere
1261 549 1262 554 .

176 609 267 674 aiunt
296 608 429 672 solitum
450 606 723 671 Lacedaemonem
747 623 817 669 esse
841 603 1110 669 honestissimum
1133 605 1190 669 do·

176 696 334 762 micilium
361 694 549 776 senectutis3
576 711 739 776 nusquam
764 691 850 757 enim
877 695 1005 756 tantum
1028 692 1189 757 tribuitur
1214 711 1226 751 s

177 784 289 868 aetati,
310 803 471 867 nusquam
494 785 544 845 est
568 783 713 847 senectus
737 779 937 845 honoratior.
978 778 1188 855 Quinetiam
1262 851 1263 869 ,

176 872 351 938 memoriae
373 868 538 954 proditum
562 871 621 950 est,
643 886 716 932 cum
735 865 874 932 Athenis
897 867 982 932 ludis
1002 867 1134 950 quidam
1154 869 1190 933 in
1262 871 1263 932 l

175 961 342 1025 theatrum
356 955 488 1042 grandis
504 958 584 1020 natu
598 955 749 1038 venisset,
768 975 886 1040 magno
906 975 1060 1020 consessu
1078 955 1188 1020 locum
1262 937 1263 1024 l

175 1067 336 1129 nusquam
354 1044 391 1109 ei
403 1044 515 1108 datum
534 1064 554 1107 a
572 1043 638 1108 suis
657 1042 795 1126 civibus3
813 1064 886 1108 cum
904 1046 1014 1108 autem
1032 1042 1076 1108 ad
1091 1043 1189 1109 Lace

176 1133 364 1198 daemonias
387 1131 585 1215 accessisset,
608 1131 663 1215 qui
686 1131 788 1214 legati
807 1151 880 1196 cum
898 1135 1016 1213 essent,
1038 1135 1129 1196 certo
1153 1133 1188 1196 in
1202 1151 1228 1192 rc
1262 1153 1263 1156 ¹

177 1222 249 1287 loco
272 1220 492 1303 consederant,
514 1218 753 1285 consurrexisse
777 1239 888 1282 omnes
910 1219 961 1283 illi
980 1217 1132 1283 dicuntur
1155 1224 1189 1284 et

123 1326 159 1376 cr
178 1331 287 1374 sanem
310 1329 435 1374 sessum
463 1307 630 1392 recepisse.
676 1304 799 1381 Quibus
827 1327 900 1371 cum
924 1327 943 1370 a
970 1310 1089 1372 cuncto
1115 1327 1189 1372 con-

178 1418 269 1463 sessu
300 1397 433 1483 plausus
466 1398 553 1460 esset
583 1393 755 1478 multiplex
787 1393 895 1477 datus,
927 1393 1048 1459 dixisse
1080 1415 1120 1460 ex
1147 1395 1187 1458 iis

176 1485 337 1570 quendam
355 1482 570 1549 Athenienses
590 1482 680 1564 seire,
704 1502 786 1565 quae
808 1485 898 1546 recta
920 1485 1038 1566 essent,
1063 1482 1120 1548 sed
1141 1482 1189 1548 fa·

177 1593 249 1638 cere
275 1572 372 1636 nolle.
416 1569 522 1634 Multa
548 1569 583 1633 in
610 1572 718 1634 vestro
750 1569 890 1654 collegio
917 1571 1099 1655 praeclara,
1132 1571 1189 1635 sed
1203 1589 1227 1630 ιε

176 1659 247 1742 hoc,
266 1659 305 1723 de
323 1674 387 1742 quo
406 1656 543 1742 agimus,
560 1655 595 1720 in
612 1656 737 1741 primis,
756 1657 850 1741 quod,
868 1657 1060 1741 utquisque
1079 1661 1189 1723 aetate

178 1744 347 1829 antecedit,
360 1745 409 1809 ita
423 1743 603 1808 sententiae
615 1743 834 1829 principatum
847 1748 946 1828 tenet,
959 1765 1066 1830 neque
1080 1746 1189 1810 solum

176 1833 299 1898 honora
323 1831 596 1916 antecedentibus,
618 1831 676 1896 sed
691 1831 733 1896 iis
753 1832 861 1916 etiam,
884 1833 940 1916 qui
957 1855 1031 1898 cum
1048 1833 1189 1918 imperio

177 1924 263 2007 sunt,
286 1921 425 1987 maiores
448 1924 529 1986 natu
551 1939 690 2006 augures
712 1922 960 2004 anteponuntur.
996 1919 1087 1996 Quae
1111 1925 1189 1986 sunt

176 2010 280 2096 igitur
305 2011 492 2094 voluptates
525 2008 669 2091 corporis
698 2029 771 2071 cum
799 2007 1003 2073 auctoritatis
1031 2010 1189 2093 praemiis
1202 2028 1227 2068 so

177 2097 435 2180 comparandae?
465 2093 581 2178 quibus
605 2095 661 2178 qui
684 2094 849 2179 splendide
872 2096 924 2159 usi
946 2099 1035 2179 sunt,
1058 2096 1083 2160 ii
1106 2097 1189 2182 mihi
1264 2125 1265 2132 ¹

177 2184 328 2248 videntur
349 2182 495 2246 fabulam
524 2182 643 2246 aetatis
668 2182 833 2268 peregisse
860 2204 919 2249 nec
944 2187 1114 2267 tamquam
1140 2185 1189 2250 in·

178 2269 345 2334 exercitati
368 2269 543 2334 histriones
565 2269 601 2334 in
624 2273 768 2334 extremo
792 2273 867 2336 actu
889 2272 1058 2336 corruisse.

124 2372 158 2424 oo
244 2355 291 2421 At
318 2361 393 2422 sunt
420 2356 541 2422 morosi
568 2360 601 2420 et
629 2357 717 2422 anxii
744 2361 777 2422 et
804 2359 949 2425 iracundi
976 2362 1010 2424 et
1037 2359 1189 2425 difficiles

178 2465 278 2510 senes.
324 2441 359 2508 si
386 2444 583 2528 quaerimus,
610 2445 708 2510 etiam
737 2446 840 2529 avari3
869 2447 925 2511 sed
951 2447 1031 2512 hacc
1058 2469 1189 2514 morum
1203 2467 1226 2508 a

176 2532 258 2597 vitia
277 2535 361 2615 sunt,
383 2552 450 2597 non
468 2532 652 2598 senectutis.
687 2531 737 2597 Ac
759 2534 933 2600 morositas
956 2538 1068 2599 tamen
1091 2540 1126 2600 et
1149 2557 1190 2602 ea

177 2619 267 2702 vitia,
291 2640 372 2703 quae
396 2619 470 2703 dixi,
492 2619 615 2684 habent
637 2620 760 2704 aliquid
778 2623 993 2687 excusationis
1011 2643 1080 2688 non
1096 2623 1188 2688 illius

178 2708 307 2793 quidem
329 2707 444 2791 iustae,
467 2707 523 2772 sed
547 2727 629 2791 quae
651 2708 786 2793 probari
807 2726 904 2794 posse
925 2710 1089 2794 rideatur3
1115 2733 1189 2777 con·

177 2796 279 2861 temni
303 2815 337 2860 se
359 2798 491 2882 putant,
518 2795 651 2879 despici,
678 2795 795 2879 inludi3
823 2801 991 2882 praeterea
1017 2798 1052 2862 in
1074 2798 1190 2885 fragili

177 2901 312 2966 corpore
331 2883 443 2948 odiosa
461 2882 566 2948 omnis
584 2882 720 2948 offensio
743 2887 801 2948 est.
838 2883 927 2960 Quae
944 2889 1056 2950 tamen
1077 2887 1190 2952 omnia
1203 2905 1228 2946 rc

177 2969 321 3034 dulciora
342 2970 426 3036 fiunt
448 2973 482 3035 et
504 2970 648 3034 moribus
671 2970 765 3035 bonis
785 2974 818 3036 et
837 2973 1090 3056 artibus,.idque
1114 2995 1191 3040 cum

175 3056 212 3122 in
233 3057 310 3141 vita,
333 3060 404 3122 tum
422 3058 457 3122 in
476 3078 591 3123 scaena
608 3057 758 3143 intellegi
775 3061 884 3144 potest
904 3081 942 3124 ex
959 3060 1000 3126 iis
1018 3060 1191 3147 fratribus,

177 3145 233 3228 qui
259 3145 295 3209 in
321 3144 480 3229 Adelphis
509 3149 593 3210 sunt.
638 3144 767 3220 Quanta
793 3146 827 3210 in
855 3148 959 3213 altero
991 3147 1122 3232 diritas,
1154 3152 1191 3215 in

177 3233 280 3296 altero
304 3234 454 3298 comitasl
491 3230 544 3297 Sic
568 3255 602 3298 aa
624 3254 676 3298 res
699 3233 813 3299 habes:
835 3238 872 3299 ut
896 3236 981 3301 enim
1002 3256 1071 3301 non
1091 3259 1190 3304 omne

176 3317 297 3399 vinum,
320 3319 366 3384 sic
388 3341 455 3384 non
476 3320 581 3386 omnis
603 3325 722 3386 natura
744 3325 908 3388 vetustate
930 3323 1097 3390 coacescit.
1135 3324 1191 3391 Se·
1204 3341 1229 3383 ³⁵

176 3403 348 3503 veritatem
379 3406 414 3470 in
446 3412 609 3472 senectute
641 3408 758 3494 probo,
791 3410 847 3476 sed
878 3431 963 3495 eam,
995 3411 1079 3478 sicut
1113 3414 1190 3500 alia,

127 3507 161 3558 oo
180 3489 350 3575 modicam,
373 3494 585 3559 acerbitatem
607 3496 698 3562 nullo
722 3497 826 3563 modo.
867 3497 1017 3564 Avaritia
1038 3521 1118 3566 rero
1141 3523 1193 3568 se-
