2542 3950
367 156 579 212 POEMATUM.
597 157 632 214 H.
651 157 690 212 IV
708 175 726 212 a
743 176 769 212 v.
790 165 883 215 1—63.
1062 158 1124 222 361

121 318 290 386 Conuersus
311 319 461 386 humeros.
496 319 586 387 Oreto
607 319 652 400 (si
673 321 790 384 credere
808 321 862 400 fas
884 319 942 404 est)

121 409 177 473 Au
198 409 274 472 coeii
295 409 409 472 nitidos
430 427 503 472 oues
524 428 627 474 oeoee
649 409 771 472 relicto:

120 497 243 577 Iupiter
265 495 319 560 too
340 496 448 573 voluit,
470 515 559 576 quem
580 496 636 560 sub
658 495 876 561 beneolentitos
897 495 996 561 tertis

120 585 290 649 munem
312 581 413 662 Dioti,
432 589 521 666 croto
538 603 668 666 postue
689 585 745 650 sot
766 589 871 662 outo,

121 673 254 736 Idaeum
276 672 319 738 od
339 676 485 754 monem,
506 676 657 753 totuooque
679 673 781 736 alioue
800 691 856 753 per
877 692 1009 751 auctum,
1093 689 1127 738 ss

121 760 296 826 Saturnum
316 760 433 839 follusti
454 759 528 824 olum
549 759 674 824 Dictaei
697 759 890 843 Corybantes.
974 781 977 787 ’

120 847 174 912 Ex
196 847 247 911 hir
271 848 377 912 alteru
398 847 484 931 apud
507 846 622 913 Graios
647 845 844 932 Cynosura
866 851 1013 930 vocatur,
1112 918 1115 926 ,

121 936 240 1000 Altero
263 935 379 1000 dieitur
403 957 473 1000 esse
496 935 643 1019 Helice,
665 953 743 1017 quoe
764 941 916 1002 monstrat
937 937 1063 1005 Achivis

121 1024 167 1088 Iu
183 1024 306 1107 peluuo,
328 1024 418 1088 occis
440 1044 499 1105 quo
520 1025 562 1088 sit
583 1025 738 1106 coccea,
759 1025 812 1088 sed
832 1045 928 1105 usque
1125 1080 1127 1086 ,

121 1111 195 1176 Hae
216 1112 321 1176 fidunt
344 1110 422 1176 duee
444 1115 603 1176 nocturna
625 1109 802 1176 Phoenices
824 1112 859 1175 in
882 1113 962 1176 olto:
985 1131 988 1138 ’
1093 1129 1127 1178 4ο

122 1198 186 1263 Sed
208 1199 299 1283 prior
321 1199 380 1264 illu
402 1199 507 1284 magis
532 1199 636 1264 stellis
660 1199 813 1264 distincto
834 1199 989 1285 refulget

121 1287 169 1352 Et
191 1288 257 1352 late
280 1286 386 1372 prima
409 1287 579 1354 confestim
603 1310 622 1351 a
643 1291 737 1353 nocte
760 1287 895 1352 videtur.

122 1374 213 1440 Haeo
234 1397 312 1440 vero
335 1397 436 1460 parva
460 1379 523 1460 est,
546 1375 602 1439 sed
624 1376 732 1440 nautis
755 1397 833 1440 usus
856 1376 890 1440 in
912 1376 973 1441 hoe
996 1380 1059 1460 est3

74 1509 75 1512 =
121 1464 209 1530 Nam
232 1485 327 1528 eursu
349 1463 502 1529 interiore
524 1461 616 1528 brevi
639 1463 838 1530 convertitur
861 1464 952 1547 orbe,

122 1552 278 1634 Siyooque
299 1551 437 1617 Sidoniis
458 1557 609 1616 incestat
630 1553 798 1618 certissimo
819 1553 933 1620 noritis,
1093 1569 1127 1618 45

168 1639 237 1704 Hcs
260 1640 357 1723 inter,
380 1639 482 1704 veluti
503 1639 616 1724 rapido
640 1641 717 1708 cum'
737 1639 866 1726 gurgite
889 1639 1021 1724 flumen,

123 1727 249 1792 Torvus
271 1727 397 1793 Drueo
419 1727 521 1812 serpit
544 1728 656 1792 subter
679 1749 858 1812 superoque
881 1729 1050 1794 revolvens
1111 1795 1113 1798 .

123 1813 201 1880 Sese
224 1816 458 1900 conficiensque
480 1815 569 1880 sinus
592 1837 610 1878 e
633 1837 766 1900 corpore
789 1815 902 1900 flexos,

125 1903 207 1983 Quos
228 1905 300 1968 coci
322 1908 454 1986 mecum
474 1904 625 1968 immunes
644 1905 776 1986 quryitrs
798 1903 916 1968 Aritoi.

129 1992 242 2056 Verum
263 1991 336 2058 toee
357 1995 506 2056 cotronae
528 1993 735 2062 circumietur
756 1993 878 2074 comice
899 1991 1026 2072 coodue,
1093 2009 1128 2058 uo

126 2080 195 2160 Quo
217 2081 320 2162 spirae
340 2079 428 2146 sium
449 2085 494 2146 est
513 2080 679 2146 inuoluitur
700 2079 799 2144 ultera
820 2081 909 2146 coelo.

124 2168 241 2250 Nempe
263 2168 370 2233 Helice
391 2172 539 2234 eutreuoe
561 2169 768 2242 &moriatur
789 2169 911 2251 comicie
932 2171 1059 2248 modae,

125 2255 195 2336 eru
216 2257 319 2338 soritae
340 2257 429 2324 sium
450 2261 501 2340 ost,
523 2261 615 2338 caput
636 2261 680 2328 est
701 2255 906 2338 Cynosuridos
935 2256 1045 2324 Ursae:

125 2344 210 2423 Quae
232 2349 334 2410 tumeo
354 2364 448 2426 usque
463 2345 555 2426 pedes
576 2363 695 2410 ummo
716 2342 806 2410 ilium
828 2365 849 2407 u
870 2349 934 2410 oert
922 2346 977 2410 tice
999 2347 1106 2429 tonuit

122 2431 312 2516 Retroyrodo
335 2432 383 2496 oo
404 2433 515 2496 iterum
537 2451 630 2497 croso
650 2435 833 2497 conuertitur
853 2434 973 2514 onyce.
1094 2448 1128 2498 55

123 2519 209 2586 Huic
230 2541 297 2586 non
319 2543 384 2585 une
406 2519 501 2585 modo
525 2523 622 2604 ceput
645 2540 764 2584 ornans
787 2519 883 2584 stella
905 2520 1039 2606 relucet,

123 2605 246 2674 Verum
269 2613 418 2693 temporo
441 2611 516 2671 sunt
539 2607 659 2692 duplici
681 2606 808 2692 fulgore
831 2611 889 2671 not
891 2611 958 2691 {tout

123 2694 151 2760 E
175 2696 384 2781 trucibusque
408 2696 508 2762 oculis
532 2695 594 2760 duo
617 2694 741 2760 fervida
763 2695 886 2759 lumina
907 2695 1061 2782 flagrant,

6 2825 7 2830 κ
124 2785 233 2868 Atque
257 2807 321 2850 uno
344 2789 488 2850 mentum
511 2783 652 2848 radianti
625 2783 777 2847 tsidere
799 2783 899 2866 lucet3

123 2871 240 2958 Obstip
193 2876 296 2937 tum
320 2877 417 2957 eaput
441 2876 475 2938 ut
497 2871 594 2936 tereti
616 2871 737 2937 cervice
760 2871 914 2936 reflexum
1094 2891 1127 2938 oo

123 2897 240 3025 Obtutp
212 2964 283 3025 tum
305 2961 340 3024 in
363 2960 464 3026 cauda
487 2959 618 3024 maioris
640 2959 757 3044 figere
764 2958 860 3024 dicae.
916 3023 918 3029 ,

125 3046 271 3130 Opposita
292 3034 443 3114 ectremuc
464 3048 574 3128 cupitis
595 3053 669 3112 suot
656 3049 812 3112 tdeuteru
834 3047 956 3112 eoodue.

123 3134 194 3202 Hoc
216 3141 314 3222 caput
337 3136 390 3203 hic
412 3136 545 3221 paulum
568 3156 638 3200 sese
662 3135 770 3200 subito
794 3155 934 3220 aequore
956 3135 1077 3220 condit,

192 3359 226 3415 V
246 3368 330 3430 3'lsq.
351 3361 464 3418 CicN
462 3363 528 3416 D
547 3362 586 3415 II
600 3367 643 3417 41.
662 3367 779 3420 105.-
797 3368 832 3418 40
842 3379 901 3430 sqq
924 3363 991 3420 ibid
1010 3367 1125 3422 106.-

121 3432 1125 3505 cesqqueeroe,1suscer2.11peo.5eo.5ep55.

120 3507 219 3558 26.-
242 3508 274 3558 56
287 3519 345 3572 sqq
366 3502 404 3559 N.
422 3473 461 3558 D.
479 3503 520 3556 II
533 3507 579 3560 42.
598 3509 714 3560 107.—
734 3510 767 3560 63
779 3521 838 3573 sqq
857 3505 924 3560 ibid.
943 3508 1006 3563 108.
