2578 3950
429 195 462 251 V.
492 195 566 250 ΟΑΡ.
588 202 602 250 1
608 203 665 252 -“3.
693 201 795 263 534-
798 203 841 253 40.
1074 198 1140 264 209

131 357 206 439 ιιιι,
225 355 281 439 qui
295 359 434 442 tergent,
453 377 508 440 qur
499 357 658 441 ’,ιιιςιιι
677 379 732 440 qur
723 357 879 423 verrunt
879 358 958 442 ,qui
969 365 1139 460 spargunt,

130 465 198 508 non
214 443 481 508 honestissimum
500 445 607 508 locum
627 445 792 510 servitutis
811 449 930 529 tenent,
950 446 1047 512 sicin
1065 447 1139 512 civi-

131 535 214 614 tate,
242 531 299 615 qui
326 553 360 595 se
387 531 523 596 istarum
551 553 658 596 rerum
687 532 918 617 cupiditatibus
942 534 1139 617 dediderunt,

130 619 234 703 ipsius
250 619 372 682 servitu
373 622 415 682 rs
425 619 531 684 locum
541 641 642 703 paene
657 619 802 684 rnfimum
813 621 968 685 obtment
988 621 1139 723 ³Magna',

104 706 249 790 51nqurb
267 705 367 770 ³bella
385 707 479 791 gessi,
498 707 626 792 magnis
644 707 789 792 imperiis
809 711 842 772 ιι
859 708 1032 792 provinciis
1049 731 1136 794 prae

4 809 5 820 ¹
131 793 199 858 fui’
233 791 316 858 Gere
338 793 441 878 igitur
464 793 607 858 animum
630 795 724 860 laude
748 795 891 881 dignum
922 796 1071 862 Aetionis
1092 802 1139 866 ta-

130 883 211 946 bula
227 884 261 946 te
279 881 445 965 stupidum
459 882 581 946 detinet
599 886 655 946 aut
674 883 803 968 signum
822 883 953 968 aliquod
972 884 1139 969 Polycleti.

131 969 244 1053 Mitto,
270 969 354 1033 unde
377 973 447 1034 sust
433 969 562 1052 utleris,
589 991 652 1053 quo
676 971 771 1035 modo
794 971 930 1055 habeas3
959 972 1141 1039 intuentem

132 1061 175 1140 ιι,
198 1056 421 1139 admirantem,
443 1057 600 1122 clamores
613 1058 785 1123 tollentem
800 1081 872 1123 cum
890 1060 993 1144 video,
1011 1082 1139 1127 servum

92 1163 119 1204 ro
133 1165 203 1209 esse
232 1107 428 1229 ineptiaruni
456 1145 599 1209 omnium
627 1145 740 1210 iudico.
785 1145 948 1210 N³oune'
938 1148 1001 1232 rgit
1002 1170 1041 1212 ur
1064 1154 1139 1214 suut
1157 1163 1191 1213 aa

131 1233 191 1298 illa
213 1231 277 1296 fest
262 1231 366 1298 uvar’
411 1229 494 1296 Sunt
517 1229 634 1316 (nam
628 1254 689 1297 nos
712 1254 838 1384 quoqute
863 1236 972 1300 oculos
997 1237 1139 1302 eruditos

131 1318 318 1404 habemus);
342 1319 407 1403 sed,
430 1320 562 1384 obsecro
582 1320 828 1402 te,1tarenust
830 1344 849 1386 a
867 1322 1048 1387 habeantur
1065 1325 1139 1406 ista,

131 1429 199 1472 non
215 1412 253 1472 ut
270 1407 422 1472 vincla
392 1411 535 1472 virorum
551 1408 626 1490 sint,
602 1408 701 1472 tsed
718 1413 756 1473 ut
774 1409 992 1474 obleetament
977 1413 1139 1494 t·apuero

132 1517 213 1562 rum.
245 1494 330 1570 Quid
348 1495 433 1562 enim
451 1497 583 1560 censes?
607 1518 635 1560 s1
626 1495 688 1560 L
704 1495 878 1562 Mummius
898 1497 1040 1581 aliquem
1062 1499 1139 1565 isto·

94 1602 121 1644 ιι
134 1606 207 1648 rum
227 1582 353 1648 rideret
370 1583 591 1648 matellionem
610 1581 815 1649 Corinthium
833 1585 1072 1670 cupidissimet
1074 1607 1139 1652 rac·

132 1675 268 1753 tantem,
281 1693 354 1736 cum
363 1693 433 1756 lpse
442 1675 547 1736 totam
557 1670 750 1737 Cormthum
759 1675 1016 1757 contempsrsset
1029 1677 1139 1739 utrum

4 1755 6 1762 ’
132 1759 227 1824 illum
250 1759 354 1825 civem
377 1760 587 1825 excellentem
610 1782 653 1824 an
675 1760 848 1826 atriensem
872 1761 1061 1847 diligentem
1083 1785 1140 1847 pu·

133 1847 242 1913 taret?
277 1846 469 1913 Reviresoat
491 1847 543 1912 Μ’.
559 1845 675 1912 Ourios
699 1852 755 1913 aut
778 1869 889 1914 eorum
912 1849 1040 1932 aliquis,
1063 1872 1139 2000 quo·

133 1957 206 2001 rum
228 1935 264 2000 in
280 1935 361 2000 villa
381 1956 419 2000 ae
437 1935 532 2000 domo
550 1935 633 1998 nihil
651 1935 865 2020 splendidum,
886 1935 969 2000 nihil
988 1942 1138 2002 ornatum

4 2053 5 2060 ι
93 2023 197 2088 aufuit
219 2023 380 2108 praeter
370 2031 473 2108 rpsos',
501 2025 534 2088 et
560 2023 669 2088 rideat
696 2023 837 2107 aliquem
865 2023 998 2088 summis
1026 2025 1139 2109 populi

4 2109 5 2176 i
133 2111 297 2178 beneficiis
321 2132 415 2176 usum
438 2111 628 2176 barbatulos
652 2113 771 2176 mullos
795 2115 1018 2198 exceptantem
1038 2112 1076 2176 de
1094 2114 1139 2197 pi-

4 2205 5 2260 ]
133 2199 223 2265 seina
250 2203 284 2263 ιι
309 2203 563 2283 pertractantem
591 2203 624 2264 et
651 2221 857 2265 murenarum
885 2201 978 2286 eopia
1000 2200 1139 2286 glorian-

133 2292 215 2371 tem,
236 2308 343 2352 norme
364 2286 450 2352 huno
472 2287 636 2352 hominem
658 2288 707 2353 ita
729 2309 858 2354 serrum
880 2289 1012 2372 iudicet,
1039 2291 1076 2352 ut
1098 2310 1139 2354 ne

132 2375 167 2440 in
180 2375 308 2440 familia
321 2375 450 2459 quidem
464 2375 597 2461 dignum
612 2375 733 2440 maiore
748 2377 856 2461 aliquo
873 2377 1005 2462 negotio
1023 2377 1138 2461 putet?

93 2481 119 2522 rs
134 2463 187 2528 Au
215 2484 326 2528 eorum
353 2463 492 2528 servitus
520 2462 618 2527 dubia
645 2467 708 2546 est,
735 2464 790 2547 qui
818 2465 994 2549 cupiditate
1021 2464 1139 2548 peculii
1157 2482 1190 2531 39

132 2553 259 2616 nullam
290 2550 509 2616 condicionem
539 2554 691 2616 recusant
723 2550 913 2617 durissimae
949 2551 1138 2617 servitutis?

133 2638 335 2704 Hereditatis
367 2659 441 2724 spes
474 2638 550 2723 quid
580 2638 764 2722 iniquitatis
800 2639 835 2703 in
871 2640 1037 2706 serviendo
1073 2661 1139 2704 non

134 2726 270 2812 suscipit
256 2726 292 2791 t?
316 2749 411 2810 quem
429 2729 544 2792 nutum
562 2725 733 2810 locupletis
754 2726 825 2790 orbi
844 2727 929 2791 senis
948 2748 1014 2791 non
1031 2727 1139 2791 obser-

133 2815 212 2880 vat?
175 2815 388 2898 tloquitur
416 2814 457 2878 ad
483 2814 597 2879 volunt
583 2817 699 2897 tatem3
731 2813 881 2899 quicquid
912 2812 1138 2879 denunciatum

93 2919 121 2960 ιο
134 2906 193 2986 ιιι,
170 2902 304 2985 tfacit,
317 2903 501 2967 adsectatur
501 2901 666 2986 ,adsidet
643 2903 885 2967 tmunera'tur.
922 2901 1005 2977 Quid
1022 2902 1177 3034 horum3

4 3063 5 3078 ,
133 2994 185 3056 ιιι
216 2953 333 3055 riceii?
366 2989 442 3073 quid
474 2989 609 3074 denique
641 2990 739 3056 serui
757 3011 824 3055 non
852 2990 937 3054 inert
923 2989 988 3054 tis?
1034 2971 1177 3065 uudrss

133 3078 199 3144 iarn
221 3079 281 3144 illa
303 3078 472 3178 cupiditas,
495 3099 576 3161 quae
599 3077 687 3144 videt
673 3082 726 3142 tur
750 3099 819 3143 esse
842 3078 1018 3160 liberalior,
1040 3077 1138 3142 hono-

134 3167 192 3249 ris,
224 3165 372 3266 imperii,
397 3165 651 3250 provinciarum,
683 3187 781 3249 quarn
812 3166 892 3230 dura
924 3168 974 3230 est
1001 3127 1139 3249 domina,

17 3307 19 3312 .
134 3275 233 3337 quam
258 3253 446 3338 imperiosa,
474 3275 571 3336 quam
597 3253 782 3319 vehemens!
829 3251 889 3319 Oet
874 3253 988 3338 thego,
1015 3216 1139 3318 homini

91 3357 120 3399 ³⁵
133 3363 200 3406 non
226 3340 472 3427 probatissime,
505 3341 625 3406 servire
657 3341 765 3428 coegit
791 3362 859 3424 eos,
893 3341 948 3425 qui
979 3339 1042 3405 sibi
1069 3362 1139 3406 esse

134 3429 329 3514 amplissimi
350 3428 557 3512 ridebantur,
584 3449 716 3494 munera
739 3428 882 3513 mittere,
908 3430 1007 3496 noctu
1030 3429 1139 3495 venire

1157 3047 1192 3096 40

23 3539 27 3545 ·
135 3516 267 3584 domum
294 3517 336 3582 ad
363 3537 449 3602 eum,
481 3517 619 3602 precari,
652 3515 787 3603 denique
815 3517 1005 3604 supplicare.
1050 3514 1139 3594 Quae

187 3628 295 3672 ιιιιι.
309 3629 328 3673 ι.
946 3625 980 3674 14
