2578 3950
191 195 255 260 150
427 190 520 246 CATO
539 189 658 245 Melon
675 189 724 243 Da
744 187 956 245 sannorum

137 372 171 423 ea
189 377 262 420 rum
274 374 403 418 morsus
417 351 562 418 munitur
579 351 668 416 vallo
682 350 865 416 aristarum.
899 349 983 425 Quid
1000 370 1063 435 ego
1081 351 1201 416 vitium

190 445 291 525 ortus,
314 445 414 526 satus,
433 441 633 506 incrementa
651 437 921 504 commemorem?
958 437 1079 503 Satiari
1098 439 1201 504 delec-

189 531 314 596 tatione
336 551 403 595 non
424 549 571 615 possum,
599 531 638 592 ut
663 547 754 591 meae
777 525 952 592 senectutis
974 526 1122 610 requiem
1145 528 1202 592 ob·

190 613 486 701 lectamcntumque'
514 615 666 681 noscatis.
718 613 844 679 Omitto
876 613 963 678 enim
993 615 1061 678 vim
1093 613 1203 699 ipsam
1263 603 1264 694 ]

190 706 348 789 omnium,
376 727 458 790 quae
486 705 682 790 generantur
709 724 727 766 e
752 704 855 785 terra3
882 721 964 785 quae
991 722 1035 766 ex
1052 701 1108 767 fici
1130 706 1238 768 tan-s

190 795 261 859 tulo
294 815 396 880 grano
429 796 486 857 aiut
517 814 557 857 ex
588 790 672 856 acini
702 789 835 855 vinaceo
867 793 925 854 aut
951 809 991 854 ea
1016 793 1203 856 cetmarum

189 881 323 967 frugum
350 884 406 946 aut
437 879 588 964 stirpium
619 877 846 943 minutissimis
878 877 1056 942 seminibus
1088 882 1202 944 taetus

189 973 324 1034 truncos
354 989 526 1051 ramosque
557 969 728 1052 procreet.¹
762 963 922 1047 Malleoli,
952 965 1102 1050 plantae,
1136 987 1203 1031 sar·

190 1059 310 1140 menta,
327 1055 527 1139 viviradices,
544 1054 741 1139 propagines
754 1074 860 1118 nonne
874 1052 1030 1136 efficiunt,
1040 1057 1079 1118 ut
1093 1075 1203 1138 quem-

190 1144 240 1210 vis
263 1165 338 1209 eum
359 1142 574 1208 admiratione
602 1142 785 1206 delectent?
829 1139 916 1206 Vitis
944 1141 1089 1224 quidem,
1118 1163 1203 1225 quae
1216 1160 1239 1199 ιι

189 1235 308 1297 natura
330 1231 450 1298 caduca
472 1235 523 1297 est
544 1233 587 1313 et,
609 1229 673 1294 nisi
694 1229 779 1294 fulta
801 1231 866 1312 est,¹
882 1228 986 1293 fertur
1007 1227 1050 1294 ad
1068 1232 1203 1314 terram,

191 1320 316 1404 eadem,
347 1323 384 1385 ut
411 1341 446 1384 se
474 1319 593 1404 erigat,
625 1317 791 1383 claviculis
824 1316 890 1381 siris
918 1316 1013 1399 quasi
1038 1318 1203 1402 manibus,

191 1407 342 1493 quicquid
360 1411 410 1472 est
427 1411 533 1491 nacta,
551 1405 790 1490 complectitur3
809 1425 906 1488 quam
920 1409 1108 1490 sementem
1122 1408 1203 1470 mul·

189 1496 296 1581 tiplici
322 1497 420 1581 lapsu
445 1499 478 1560 et
504 1494 642 1559 erratico
669 1493 756 1558 ferro
788 1495 961 1576 amputans
990 1497 1121 1560 cotrcet
1148 1515 1203 1558 ars

191 1584 418 1668 agricolarum,
434 1603 476 1646 ne
494 1581 647 1646 silvescat
665 1580 837 1645 sarmentis
856 1583 890 1645 et
906 1580 942 1645 in
955 1602 1068 1645 omnes
1086 1586 1202 1666 partes
1216 1596 1238 1638 1⁵

138 1687 172 1738 es
190 1671 292 1736 nimia
312 1669 475 1734 fraudatur.
519 1668 635 1752 Itaque
657 1669 788 1734 incunte
810 1687 885 1733 vere
907 1668 943 1733 in
963 1668 1018 1752 iis,
1045 1689 1132 1752 quae
1155 1691 1202 1734 re·

190 1758 268 1823 licta
291 1761 376 1842 sunt,
399 1757 510 1822 existit
531 1760 700 1840 tamquam
722 1757 764 1821 ad
784 1756 938 1822 articulos
957 1760 1202 1822 sarmentorum

90 1912 93 1916 ,
191 1867 237 1931 ea,
260 1867 343 1930 quae
366 1867 496 1932 gemma
515 1845 641 1923 dicitur,
664 1865 767 1928 aqua
785 1843 891 1908 omens
910 1865 975 1910 uva
992 1865 1029 1908 se
1043 1846 1202 1927 ostendit,

191 1935 273 2019 quae
296 1937 331 2000 et
353 1955 429 2000 suco
451 1938 558 1999 terrae
584 1937 617 1998 et
644 1933 753 1998 calore
778 1931 862 1998 solis
886 1951 1064 2016 augescens
1090 1933 1201 2018 primo

191 2026 241 2087 est
259 2023 435 2106 peracerba
453 2025 595 2107 gustatu,
614 2021 727 2085 deinde
746 2023 910 2085 maturata
928 2019 1085 2085 dulcescit
1103 2021 1201 2085 vesti·
1213 2037 1237 2076 u

189 2113 288 2192 taque
314 2109 477 2193 pampinis
509 2129 568 2174 nec
599 2108 724 2173 modico
756 2110 869 2192 tepore
900 2110 989 2172 caret
1016 2110 1050 2172 et
1079 2108 1200 2174 nimios

191 2196 269 2260 solis
302 2195 444 2260 defendit
476 2195 616 2260 ardores.
669 2195 740 2271 Qua
771 2194 848 2279 quid
879 2199 990 2280 potest
1022 2215 1094 2260 esse
1127 2219 1201 2262 cum

189 2283 297 2347 fructu
319 2282 447 2366 laetius,
469 2286 541 2347 tum
563 2287 695 2368 aspectu
716 2282 908 2368 pulchrius?
945 2281 1043 2347 (luins
1067 2283 1201 2367 quidem

189 2392 256 2436 non
277 2370 404 2435 utilitas
427 2391 479 2436 me
501 2371 621 2454 solum,
647 2375 685 2436 ut
712 2375 788 2436 aute
815 2371 895 2455 dixi,
922 2370 978 2435 sed
1005 2371 1106 2435 etiam
1136 2373 1200 2437 cul·

189 2462 266 2523 tura
288 2461 321 2522 et
342 2461 460 2523 natura
482 2458 554 2546 ipsa
580 2459 735 2542 delectat,
761 2459 1030 2524 adminiculorum
1058 2459 1236 2543 cadmeae

190 2545 334 2629 capitum
354 2545 494 2632 iugatio,
520 2547 673 2634 religatio
696 2550 730 2612 et
751 2547 946 2633 propagatio
968 2547 1100 2629 sitium,
1133 2570 1200 2614 sar-

189 2637 373 2698 mentorum
396 2656 443 2719 ea,
466 2657 563 2719 quam
586 2635 661 2718 dixi,
684 2635 823 2700 aliorum
841 2635 1032 2720 amputatio,
1056 2635 1199 2701 aliorum

188 2721 345 2788 inmissio.
391 2721 475 2798 Quid
502 2723 563 2810 ego
589 2723 811 2808 irrigationes,
841 2723 918 2807 quid
937 2721 1100 2788 fossiones
1125 2724 1199 2809 agri

188 2810 525 2894 repastinationesque
556 2811 734 2897 proferam,
765 2811 882 2894 quibus
909 2811 947 2874 fit
973 2811 1082 2876 multo
1108 2815 1199 2876 terra

25 2957 41 2978 s
136 2911 171 2961 ⁶4
189 2895 376 2964 fecundior?
405 2899 482 2983 quid
506 2899 544 2963 de
567 2899 711 2964 utilitate
738 2897 854 2982 loquar
877 2897 1100 2964 stercorandi?
1133 2898 1238 2964 dina

188 2983 223 3048 in
246 3005 283 3050 eo
311 2986 410 3069 libro,
438 2993 536 3070 quem'
560 2986 599 3052 de
625 2987 725 3052 rebus
749 2985 879 3052 rusticis
907 2986 1037 3071 scripsi3
1066 2985 1107 3050 de
1135 3008 1201 3071 qua

188 3073 302 3140 doetus
325 3073 486 3139 Hesiodus
508 3095 549 3139 ne
568 3075 703 3140 verbum
722 3074 852 3159 quidem
873 3073 960 3157 fecit,
983 3095 1056 3139 cum
1075 3074 1114 3139 de
1134 3075 1201 3140 eul-

188 3163 263 3226 tura
286 3162 359 3248 agri
382 3162 546 3227 scriberet
582 3161 629 3227 At
647 3162 819 3246 Homerus,
842 3161 898 3246 qui
915 3161 1038 3245 multis,
1060 3165 1099 3226 ut
1117 3162 1201 3227 mihi

187 3247 323 3332 videtur,
347 3253 422 3315 ante
445 3251 584 3316 saeculis
604 3250 681 3334 fuit,
702 3251 858 3316 Latrtam
878 3249 1052 3315 lamentam
1076 3249 1201 3314 deside·

188 3333 286 3418 rium,
314 3337 400 3419 quod
422 3337 572 3423 capiebat
595 3360 613 3403 e
634 3339 716 3422 filio,
743 3339 904 3404 colentem
925 3357 1041 3424 agrum
1064 3340 1099 3402 et
1121 3351 1236 3402 eume

106 3443 109 3448 ¹
189 3423 422 3487 stercorantem
438 3425 528 3489 lacit.
561 3425 594 3491 N
595 3447 631 3492 ec
647 3447 724 3492 vero
743 3426 909 3512 segetibus
924 3426 1031 3490 solum
1044 3428 1078 3490 et
1091 3424 1200 3510 pratis

188 3510 222 3572 et
234 3507 337 3572 vineis
354 3512 387 3572 et
406 3512 547 3578 arbustis
566 3533 618 3579 res
636 3514 776 3580 rusticae
795 3515 901 3580 laetae
915 3516 1001 3599 sunt,
1019 3512 1077 3578 sed
1089 3512 1200 3578 hortis
