2504 3950
161 167 225 232 132
403 165 496 220 CATO
514 163 632 221 MAIOR
649 164 698 218 Du
718 159 932 218 sannorum

160 333 257 413 teque
278 349 345 393 non
372 348 552 414 cognomen
579 327 685 392 solum
712 323 853 390 Athenis
881 323 1086 408 deportasse,
1114 322 1171 388 sed

160 417 399 482 humanitatem
426 420 459 482 et
486 415 692 501 prudentiam
713 413 881 498 intellego.
925 409 969 476 Et
996 414 1110 476 tamen
1137 415 1170 476 te

162 505 308 590 suspicor
345 504 465 569 eisdam
496 504 593 570 rebus
630 503 746 587 quibus
779 523 831 566 me
861 500 971 584 ipsum
1005 498 1171 564 interdum
1244 581 1245 584 Ἴ

161 593 294 678 gravius
317 592 527 676 commoveri,
554 613 691 678 quarum
718 587 899 656 consolatio
926 592 959 653 ct
985 587 1092 652 maior
1119 592 1171 652 est
1244 607 1245 642 1

161 682 251 747 etin
275 682 363 747 aliud
385 685 514 767 tempus
538 679 721 744 differenda.
752 676 847 742 Nunc
866 680 975 742 autem
992 675 1101 741 uisum
1120 680 1172 740 cst
1198 699 1210 740 ⁵

126 787 142 836 2
162 770 243 836 mihi
266 771 305 835 dc
324 774 488 835 senectute
507 768 630 853 aliquid
648 767 690 833 ad
702 771 735 832 tc
750 764 959 831 conscribere.
991 763 1064 830 Hoc
1085 765 1172 830 enim
1244 761 1245 766 ’

162 881 272 942 onere,
303 858 389 941 quod
412 857 494 921 mihi
520 877 689 923 commune
716 859 822 920 tecum
846 857 910 936 est,
942 857 999 918 aut
1025 853 1093 917 iam
1121 875 1172 918 ur·

162 945 269 1033 gentis
285 949 342 1010 aut
355 948 442 1010 certe
457 944 663 1010 adventantis
678 942 854 1010 senectutis
867 945 901 1006 et
914 944 947 1005 te
962 945 995 1006 et
1007 962 1060 1006 me
1071 941 1173 1026 etiam

161 1036 269 1118 ipsum
292 1031 396 1098 levari
421 1033 511 1117 volc;
543 1030 605 1096 etsi
633 1036 666 1097 te
695 1031 825 1116 quidem
847 1029 880 1094 id
907 1029 1095 1094 mediceae
1123 1052 1174 1094 sa·

161 1121 288 1204 pienter
307 1121 392 1185 sicut
409 1122 519 1186 omnia
537 1124 570 1186 ct
587 1119 672 1186 ferra
690 1123 724 1184 et
742 1119 886 1184 laturum
905 1138 975 1182 esse
989 1121 1080 1182 certo
1095 1118 1172 1184 scio.
1188 1142 1213 1182 ro

162 1207 226 1274 Sed
248 1209 342 1294 mihi,
373 1231 447 1275 cum
475 1208 513 1274 de
541 1211 705 1274 senectute
728 1207 846 1273 vellem
875 1205 998 1290 aliquid
1021 1205 1174 1288 scribere,

162 1301 199 1362 tu
219 1298 409 1363 occurrebas
428 1297 545 1384 dignus
563 1319 602 1362 eo
620 1317 762 1378 munere,
785 1316 849 1378 quo
867 1297 1003 1377 uterque
1020 1297 1174 1359 nostrum

163 1386 376 1452 communiter
399 1390 553 1450 uteretur.
588 1384 671 1448 Mihi
695 1382 824 1468 quidem
847 1383 895 1448 ita
917 1382 1057 1448 iucunda
1075 1381 1173 1447 huius

162 1475 239 1539 libri
267 1473 425 1540 confectio
452 1473 529 1557 fuit,
560 1475 685 1538 utnon
712 1471 807 1537 modo
840 1492 951 1536 omnes
980 1471 1175 1536 absterserit

163 1563 338 1628 senectutis
370 1561 551 1644 molestias,
588 1559 643 1624 sed
668 1559 818 1625 effecerit
845 1559 978 1624 mollem
1006 1559 1108 1623 etiam
1141 1563 1176 1622 et
1190 1580 1213 1620 u

163 1649 335 1714 iucundam
366 1652 573 1713 senectutem.
622 1646 811 1732 Numquam
838 1647 940 1732 igitur
968 1646 1065 1732 digne
1090 1646 1175 1712 satis

162 1736 289 1801 laudari
302 1735 511 1820 philosophia
529 1735 660 1821 poterit,
683 1737 733 1802 cui
758 1736 813 1819 qui
831 1738 960 1819 pareat,
979 1756 1074 1800 omne
1093 1738 1176 1800 tcm-

127 1840 223 1909 spus
252 1824 370 1890 aetatis
392 1824 467 1896 ,sine
496 1822 647 1890 molestia
674 1823 780 1909 possit
805 1823 930 1909 degere.
976 1819 1039 1888 Sed
1061 1821 1102 1887 dc
1125 1845 1175 1888 ce

162 1913 241 1978 teris
265 1917 298 1978 et
321 1912 458 1978 diximus
482 1913 587 1978 multa
605 1915 638 1976 et
658 1933 753 1996 saepe
772 1911 928 1994 dicemus3
950 1911 1036 1976 hunc
1050 1909 1175 1976 librum

162 2001 203 2066 ad
221 2005 254 2066 tc
275 2001 314 2066 de
333 2004 496 2066 senectute
515 2001 672 2065 misimus.
704 1999 840 2065 Omnem
859 2002 968 2064 autem
987 2020 1173 2064 sermonem
1187 2021 1213 2060 ac

161 2090 336 2155 tribuimus
363 2110 430 2152 non
452 2087 607 2171 Tithono,
635 2092 673 2154 ut
694 2086 808 2153 Aristo
831 2085 908 2152 Cius
932 2085 1063 2172 (parum
1087 2086 1175 2152 enim

163 2180 249 2240 esset
273 2175 479 2241 auctoritatis
502 2176 537 2239 in
559 2172 695 2261 fabula),
718 2175 775 2240 sed
796 2175 840 2240 M.
864 2173 983 2241 Catoni
1006 2175 1085 2258 seni,
1108 2197 1174 2260 quo

163 2263 320 2329 maiorem
339 2263 568 2328 auctoritatem
582 2262 719 2329 haberet
734 2263 855 2347 oratio;
878 2263 964 2348 a‘pud
982 2284 1081 2347 quem
1094 2262 1174 2328 Lae

161 2351 243 2415 lium
267 2353 299 2414 et
322 2347 505 2434 Scipionem
527 2350 664 2417 facimus
693 2351 905 2436 admirantes,
933 2351 1020 2436 quod
1046 2352 1076 2415 is
1103 2356 1174 2417 tam

161 2438 257 2504 facile
276 2441 474 2503 senectutem
487 2437 581 2524 ferat,
600 2440 709 2524 eisquc
728 2461 802 2504 eum
819 2439 1078 2524 respondentem.
1110 2437 1175 2514 Qui
1188 2457 1214 2498 2⁵

163 2526 192 2590 si
215 2525 371 2592 eruditius
394 2526 556 2592 videbitur
584 2527 762 2612 disputare,
790 2550 888 2613 quam
910 2527 1079 2593 consuerit
1101 2528 1173 2612 ipse

162 2613 197 2678 in
220 2613 287 2679 suis
310 2613 414 2700 libris,
437 2615 609 2680 attribuito
633 2615 754 2682 litteris
775 2615 917 2699 Graecis,
940 2636 1079 2698 quarum
1099 2637 1174 2681 con-

163 2706 231 2769 stat
254 2725 328 2767 cum
350 2702 589 2788 perstudiosum
612 2702 712 2768 fuisse
735 2704 769 2767 in
793 2705 966 2771 senectute.
1008 2701 1072 2769 Sed
1095 2703 1174 2788 quid

164 2812 245 2874 opus
268 2795 318 2857 est
340 2791 457 2876 plura?
488 2790 559 2857 Iam
589 2791 676 2856 enim
702 2791 804 2875 ipsius
827 2790 962 2858 Catonis
986 2812 1093 2856 sermo
1121 2813 1174 2856 ex-

124 2879 300 2998 2plica'bit
321 2883 469 2944 nostram
492 2893 621 2944 omnem
644 2879 683 2943 de
706 2883 870 2980 senectute
894 2879 1100 2944 sententiam.
1187 2897 1215 2938 sc

128 2965 1116 3138 4i..tittStibtttffltttttttudistat?
1130 2965 1176 3118 dl

164 3139 255 3225 Cato,
277 3141 518 3226 perfectamque
537 3141 739 3226 sapientiam,
758 3146 829 3208 tum
847 3144 899 3207 vel
918 3143 1067 3226 maxime,
1087 3143 1177 3227 quod

163 3249 340 3312 numquam
361 3230 425 3294 tibi
446 3232 642 3295 senectutem
662 3251 794 3316 gravam
814 3253 883 3296 esse
902 3231 1069 3315 senserim,
1089 3253 1175 3314 quae
1244 3279 1245 3344 ,

164 3315 327 3399 plerisque
354 3318 484 3383 senibus
513 3318 558 3383 sic
586 3318 698 3384 odiosa
725 3323 788 3404 cst,
820 3324 857 3384 ut
889 3339 969 3386 onus
1000 3340 1035 3384 se
1062 3317 1213 3385 neema
1244 3355 1245 3380 i

164 3401 296 3490 gravius
320 3403 428 3469 dicant
451 3405 618 3470 sustinere.

231 3487 317 3556 Orno.
358 3490 439 3556 Rem
462 3492 549 3559 haud
572 3514 649 3559 sane
677 3493 854 3580 difficilem,
882 3492 990 3581 Scipio
1013 3498 1047 3560 et
1070 3495 1174 3580 Laeli,
