2512 3932
160 193 181 260 6
557 190 606 246 ΒΕ
625 188 776 246 osricus

160 355 275 439 solum,
290 355 376 440 quod
386 353 477 420 adest
491 353 639 438 quodque
652 373 805 438 praesens
820 355 880 437 est,
895 373 928 417 se
943 341 1170 418 accommodat

159 444 294 529 paulum
321 441 494 508 admodum
521 441 663 508 sentiens
690 439 904 526 praeteritum
927 443 984 506 aut
1005 439 1171 524 futurum,

158 531 258 598 homo
281 533 403 614 autem,
432 529 518 615 quod
540 528 677 596 rationis
702 531 753 594 est
779 528 956 614 particeps,
983 549 1043 613 per
1070 551 1170 613 quam

159 619 390 704 consequentia
404 618 515 701 cernit,
534 636 647 684 causas
661 637 770 685 rerum
783 616 872 683 videt
886 637 1061 701 earumque
1077 639 1171 701 prae

160 728 291 794 gressus
305 711 339 772 et
353 706 447 792 quasi
461 705 697 772 antecessiones
708 704 923 790 nonignorat,
938 704 1169 771 similitudines
1196 721 1208 762 ⁵

159 799 328 880 comparat
340 796 500 878 rebusque
514 792 738 878 praesentibus
754 792 902 878 adiungit
911 797 1010 877 atque
1025 793 1170 860 adnectit

158 883 300 967 futuras,
326 882 422 948 facile
448 881 551 948 totius
578 881 666 948 vitae
693 901 823 947 cursum
850 881 939 950 videt
967 880 1010 946 ad
1031 902 1170 967 eamque

108 988 140 1036 12
160 970 338 1057 degendam
364 973 540 1054 praeparat
566 989 619 1034 res
645 969 853 1036 necessarias.
896 967 1084 1054 Eademque
1114 991 1169 1038 na·

142 1063 235 1124 0tura
255 1058 289 1123 vi
311 1058 447 1124 rationis
470 1056 635 1124 hominem
657 1057 809 1124 conciliat
829 1056 955 1124 homini
977 1061 1011 1124 et
1033 1058 1075 1123 ad
1099 1079 1169 1126 ora·

158 1145 258 1213 tionis
286 1150 319 1212 et
346 1146 388 1213 ad
413 1146 501 1212 vitae
528 1145 716 1212 societatem
738 1145 972 1231 ingeneratque
993 1145 1029 1212 in
1050 1145 1167 1231 primis
1183 1165 1207 1206 ιο

158 1234 367 1320 praecipuum
395 1233 554 1318 quendam
581 1253 726 1300 amorem
751 1233 787 1298 in
815 1253 884 1317 eos,
916 1233 973 1318 qui
1003 1235 1170 1318 procreati

159 1326 244 1406 sunt,
267 1323 481 1408 impellitque,
503 1326 540 1388 ut
562 1321 732 1388 hominum
751 1325 862 1388 coetus
881 1325 914 1386 et
932 1320 1168 1390 celebrationes

159 1413 192 1475 et
215 1432 285 1476 esse
309 1414 342 1476 et
365 1434 385 1476 a
408 1431 442 1476 se
465 1409 550 1476 obiri
571 1411 652 1475 velit
679 1410 721 1476 ob
749 1430 867 1493 easque
895 1430 1009 1476 causas
1037 1411 1168 1478 studeat

157 1520 273 1584 parare
297 1521 344 1582 ea,
370 1520 452 1582 quae
475 1497 683 1583 suppeditent
705 1496 747 1562 ad
769 1498 893 1564 cultum
916 1501 949 1563 et
971 1499 1013 1564 ad
1034 1499 1168 1584 victum,

157 1607 216 1652 neo
235 1586 299 1651 sibi
317 1587 388 1669 soli,
407 1586 463 1653 sed
481 1585 620 1670 coniugi,
638 1584 750 1650 liberis
769 1586 958 1670 ceterisque,
976 1607 1057 1671 quos
1072 1607 1167 1654 caros
1182 1605 1206 1646 ¹⁵

158 1674 279 1738 habeat
304 1674 453 1758 tuerique
480 1673 610 1753 debeat,
642 1694 724 1757 quae
756 1695 832 1740 cura
861 1673 1038 1742 exsuscitat
1066 1674 1168 1744 etiam

106 1777 139 1827 13
158 1762 283 1828 animos
308 1764 341 1826 et
363 1761 502 1826 maiores
522 1760 562 1826 ad
583 1781 652 1826 rem
671 1761 844 1848 gerendam
861 1761 950 1828 facit.
981 1761 1022 1828 In
1037 1763 1168 1848 primis·

158 1871 220 1934 que
242 1849 383 1915 hominis
407 1853 458 1915 est
478 1849 612 1935 propria
633 1849 703 1916 veri
724 1849 892 1934 inquisitio
914 1853 1012 1934 atque
1033 1851 1167 1918 investi·

158 1937 257 2024 gatio.
293 1937 408 2023 Itaque
429 1959 502 2004 cum
520 1959 631 2004 sumus
650 1937 840 2004 necessariis
859 1938 1001 2023 negotiis
1015 1938 1166 2026 onusque
1243 1937 1244 1942 ’

155 2027 263 2109 vacui,
290 2030 361 2092 tum
389 2047 521 2092 avemus
549 2025 672 2110 aliquid
698 2025 820 2110 videre,
847 2025 971 2110 audire,
999 2027 1163 2095 addiscere
1177 2046 1204 2086 ²0

156 2114 439 2199 cognitionemque
465 2134 573 2178 rerum
601 2116 658 2178 aut
685 2113 884 2180 occultarum
908 2118 965 2182 aut
993 2115 1166 2184 admirabi-

156 2201 237 2266 lium
270 2201 311 2266 ad
342 2201 437 2266 beate
464 2200 636 2266 vivendum
666 2202 882 2268 necessariam
914 2201 1068 2271 ducimus.
1114 2204 1166 2272 le
1242 2205 1243 2208 ’

157 2310 221 2373 quo
239 2288 452 2374 intellegitur,
471 2288 557 2372 quod
574 2309 696 2373 verum,
714 2289 852 2375 simplex
870 2290 1092 2376 sincerumque
1112 2293 1166 2376 sit,

156 2376 190 2444 id
204 2397 273 2442 esse
292 2376 428 2442 naturae
446 2375 588 2441 hominis
606 2377 820 2461 aptissimum.
851 2377 936 2445 Huic
949 2380 1018 2445 veri
1033 2378 1166 2448 videndi

71 2481 75 2487 ’
156 2464 328 2549 cupiditati
350 2462 502 2529 adiuncta
524 2467 575 2528 est
597 2464 754 2549 adpetitio
776 2465 934 2549 quaedam
951 2467 1165 2554 principatus,
1178 2485 1204 2528 2⁵

155 2555 194 2617 ut
219 2551 341 2616 nemini
367 2571 482 2636 parere
509 2550 635 2618 animus
662 2552 744 2618 bene
771 2554 966 2620 informatus
994 2578 1014 2621 a
1044 2560 1165 2624 natura

155 2639 236 2706 velit
258 2639 322 2704 nisi
344 2639 556 2725 praecipienti
578 2643 636 2706 aut
659 2639 787 2707 docenti
809 2645 866 2708 aut
887 2643 1042 2709 utilitatis
1065 2665 1165 2712 causa
1240 2705 1241 2710 ,

155 2727 240 2792 iuste
263 2731 296 2792 et
318 2727 464 2813 legItime
486 2727 673 2813 imperanti3
698 2750 738 2795 ex
761 2751 824 2813 quo
847 2730 1038 2816 magnitudo
1062 2732 1165 2800 animi

103 2829 137 2880 14
156 2815 267 2880 existit
293 2814 571 2901 humanarumque
598 2837 706 2882 rerum
736 2818 943 2903 contemptio.
988 2818 1056 2885 Neo
1082 2842 1164 2888 vero

154 2903 213 2968 illa
231 2924 334 2988 parva
350 2903 400 2970 vis
419 2908 556 2970 naturae
574 2908 624 2969 est
646 2905 856 2990 rationisque,
879 2906 965 2990 quod
981 2929 1081 2974 unum
1099 2907 1163 2978 hoo
1178 2925 1204 2968 ao
1239 2969 1240 3000 ,

155 2991 276 3056 animal
295 2992 403 3075 sentit,
427 2991 504 3076 quid
523 2992 566 3058 sit
589 2993 677 3076 ordo,
701 2992 778 3077 quid
800 2993 853 3078 sit,
876 2995 962 3078 quod
985 2994 1106 3080 deceat,
1128 2997 1166 3064 in

153 3078 250 3146 factis
283 3078 441 3163 dictisque
473 3079 529 3164 qui
556 3080 682 3146 modus:
723 3079 839 3165 Itaque
868 3101 980 3148 eorum
1005 3084 1164 3170 ipsorum,
1238 3157 1239 3166 χ

155 3189 237 3251 quae
261 3170 393 3252 aspectu
416 3168 607 3252 sentiuntur,
629 3169 756 3233 nullum
776 3167 863 3236 aliud
882 3170 1003 3238 animal
1021 3173 1163 3256 pulchri·
1238 3175 1239 3263 l

154 3255 312 3339 tudinem,
343 3259 561 3340 venustatem,
592 3257 849 3323 convenientiam
876 3259 1019 3343 partium
1047 3262 1163 3344 sentit3

154 3363 252 3426 quam
276 3343 521 3410 similitudinem
542 3346 660 3410 natura
682 3345 830 3429 ratoque
853 3346 895 3410 ab
913 3347 1016 3413 oculis
1033 3348 1076 3413 ad
1094 3349 1163 3415 ani-
1176 3364 1201 3408 ³⁵
1237 3409 1238 3434 ,

154 3451 243 3496 mum
271 3430 468 3498 transferens
495 3431 600 3498 multo
626 3431 726 3498 etiam
748 3433 854 3519 magis
877 3434 1162 3521 pulchritudinem,
1237 3441 1238 3525 l

154 3519 380 3600 constantiam,
403 3518 548 3584 ordinem
570 3519 605 3582 in
627 3519 771 3587 consiliis
788 3519 948 3604 factisque
969 3543 1162 3592 conservan-
