2578 3950
162 195 226 262 164
460 194 614 250 numius
632 195 681 248 on
699 193 866 249 nurerum

161 358 269 426 Genus
290 361 408 430 nutem,
424 357 486 422 hoc
509 377 695 426 sermonum
715 354 912 440 posituruin
930 355 1101 432 hominum
1117 379 1171 422 ve

160 452 267 514 terum
289 445 498 528 auctoritate,
525 448 559 510 et
586 465 697 513 eorum
723 442 927 528 inlustrium,
956 445 1030 529 plus
1059 446 1170 520 nescio

161 557 224 620 quo
247 538 343 620 pecto
366 534 494 600 videtur
516 533 636 599 hebere
660 531 847 618 paritario
870 532 983 616 iraque
1003 533 1083 617 ipse.
1098 555 1172 600 mee

160 625 272 710 legens
300 623 348 688 sic
383 621 515 690 adficior
545 620 721 705 interdum,
752 623 790 684 ut
817 619 989 704 Catonem
1019 643 1096 698 nom
1120 645 1172 699 mc

126 711 251 796 eloqui
274 711 464 778 existimem.
501 690 564 776 Sed
585 713 623 776 ut
645 712 716 774 tum
739 708 912 786 eudemum
936 729 1032 787 senex
1061 711 1102 776 de
1126 733 1174 780 se
1198 729 1211 769 e

160 803 303 884 nectute,
327 801 373 865 sic
395 800 458 865 hoc
480 799 565 863 libro
591 799 631 864 ed
655 797 794 882 amicum
817 796 1034 874 amicissimus
1049 799 1174 884 scripsi

161 888 375 959 deamicitia.
421 886 504 955 Tum
532 889 582 952 est
609 884 691 953 Ceto
719 886 864 971 locutus,
889 907 952 970 quo
981 889 1055 956 crat.
1074 909 1173 952 nemo

159 978 228 1045 fere
251 976 358 1040 senior
386 975 594 1060 temporibus
615 974 696 1058 illis,
727 995 822 1040 nemo
850 974 1054 1060 prudentior3
1085 997 1175 1042 nunc

160 1064 289 1129 Laelius
313 1067 347 1130 et
369 1063 498 1148 sepiens
523 1060 584 1148 (sic
606 1061 693 1128 enim
716 1065 766 1128 est
783 1059 933 1148 habitus)
955 1067 989 1128 et
1007 1063 1174 1133 amicitiae

162 1153 268 1238 glorio
291 1152 452 1219 excellens
474 1150 681 1216 deamicitia
704 1151 863 1235 loquetur.
896 1151 944 1216 Tu
962 1152 1102 1229 velim2e
1121 1174 1212 1232 mco

162 1241 306 1306 animum
323 1262 498 1325 parumper
515 1244 653 1324 avertes,
668 1238 815 1309 Laelium
829 1239 920 1326 loqui
937 1241 1046 1325 ipsum
1064 1246 1175 1326 putes.

162 1328 197 1404 Ο,
223 1328 366 1396 Fannius
396 1333 429 1394 et
457 1325 492 1404 Q.
519 1327 644 1394 Mucius
677 1328 718 1394 ad
750 1349 896 1394 socerum
927 1329 1064 1396 veniunt
1095 1337 1176 1414 post

161 1422 301 1484 mortem
324 1416 485 1500 Africani3
507 1417 549 1482 ab
571 1416 624 1480 his
648 1437 753 1482 sermo
773 1417 885 1499 oritur,
903 1417 1078 1501 respondet
1092 1418 1175 1484 Lae

161 1507 238 1586 lius,
266 1506 356 1571 cuiue
379 1509 451 1570 toto
474 1504 651 1590 disputatio
676 1509 726 1571 est
749 1503 787 1568 de
818 1505 975 1588 amicitie,
1004 1526 1104 1589 quem
1129 1508 1175 1574 le

125 1598 390 1782 {genstprppe
413 1613 607 1763 ssgffitsibtb,
636 1679 741 1762 Laeli3
772 1702 831 1746 nec
859 1681 946 1746 enim
972 1681 1090 1746 melior
1121 1684 1175 1750 vir
1188 1613 1213 1654 ¹⁵

159 1769 223 1834 fuit
251 1769 405 1835 Africano
433 1768 605 1853 quisquam
631 1790 690 1833 nec
717 1768 851 1834 clamor„
889 1766 952 1834 Sed
981 1769 1175 1850 existimare

161 1857 257 1924 debes
282 1858 426 1925 omnium
449 1857 560 1935 ocutos
582 1857 617 1920 in
639 1859 673 1921 te
700 1878 770 1940 esse
798 1857 961 1926 coniectos
991 1879 1106 1943 uuum3
1138 1863 1175 1926 te

160 1947 339 2032 sapientem
359 1950 391 2012 et
410 1946 578 2032 appellent
596 1948 629 2010 et
643 1945 839 2014 existimant.
871 1945 1090 2012 Tribuebatur
1109 1947 1175 2016 hoc

160 2035 256 2102 modo
279 2034 322 2102 M.
345 2034 477 2118 Catoni,
499 2035 618 2100 scimus
640 2033 676 2097 L.
699 2033 842 2109 Acilium
865 2033 951 2119 apud
974 2039 1085 2118 patres
1115 2055 1212 2104 ruo-o

161 2126 247 2188 stros
266 2122 468 2206 appellatum
486 2143 556 2186 csse
571 2122 760 2206 sapientem,
779 2121 989 2207 seduterque
1006 2123 1072 2188 elio
1093 2147 1173 2209 qno·

161 2210 235 2277 dam
257 2211 368 2293 modo,
395 2209 534 2292 Acilius,
562 2209 637 2292 quic
658 2211 799 2294 prudens
812 2231 901 2282 tesso,
917 2211 955 2276 in
982 2211 1052 2276 iure
1080 2213 1174 2279 civili

158 2297 347 2382 putabatur,
369 2295 461 2380 Ceto,
479 2297 556 2381 quia
573 2298 753 2368 multarum
768 2320 878 2366 rerum
896 2299 1171 2387 usum-habenae

158 2385 354 2451 multocius
378 2385 468 2450 etin
490 2389 604 2450 senatu
634 2389 668 2451 et
694 2387 729 2451 in
754 2386 826 2452 foro
853 2387 906 2453 vel
934 2387 1067 2474 provisa
1094 2413 1173 2474 pru·

159 2474 272 2540 denter
303 2474 364 2544 vel,
383 2475 456 2541 acta
483 2477 671 2545 constanter
698 2475 753 2542 vel
777 2497 934 2560 responso
961 2479 1055 2543 ceute
1086 2477 1171 2545 fere·
1185 2495 1211 2536 2⁵

159 2563 291 2646 bantur3
327 2565 501 2647 propterea
533 2562 627 2646 quasi
658 2583 838 2648 cognomen
868 2563 935 2630 iem
963 2564 1109 2634 habebat
1135 2567 1173 2634 in

107 2659 146 2728 (7)
161 2653 325 2717 senectute
344 2650 510 2735 sepientis.
542 2650 588 2716 Te
611 2654 720 2716 autem
743 2651 808 2716 elio
827 2653 967 2735 quodam
986 2653 1083 2718 modo
1101 2676 1172 2722 non

159 2741 265 2808 solum
287 2742 405 2806 nature
428 2742 461 2803 ct
484 2737 639 2823 moribus,
661 2761 773 2806 verum
797 2739 896 2815 etiam
915 2741 1025 2807 studio
1043 2746 1081 2806 et
1097 2743 1171 2810 doc-

158 2829 245 2894 trine
268 2850 338 2896 esse
362 2827 549 2912 sapientem,
571 2849 630 2894 nec
654 2827 737 2896 sieut
756 2828 887 2914 uulgus,
910 2829 967 2894 sed
988 2833 1026 2894 ut
1048 2831 1172 2898 eruditi

159 2916 265 2982 solent
289 2917 456 3001 appellare
466 2915 667 3000 ¹eapientem,
690 2916 820 3000 qualem
837 2915 873 2980 in
889 2917 1016 3002 relique
1030 2915 1171 2988 Graecia
1184 2936 1211 2976 20

123 3003 319 3071 unemincm
343 2999 446 3088 (nam
461 3003 516 3087 qui
540 3007 664 3087 septem
688 3005 908 3089 appellantur,
927 3027 995 3090 cos,
1023 3007 1081 3090 qui
1102 3007 1171 3074 istc

159 3092 311 3159 subtilius
335 3095 504 3176 quaerunt,
526 3092 561 3156 in
577 3113 711 3158 numero
731 3093 926 3176 sapientium
939 3115 1007 3160 non
1018 3093 1171 3180 hebent),

158 3179 297 3247 Athenis
320 3203 420 3264 unum
443 3179 633 3264 occepimus
656 3184 689 3246 et
709 3203 785 3246 eum
802 3181 931 3265 quidem
950 3183 1049 3248 etiam
1062 3183 1171 3269 Apol-

157 3267 233 3330 linis
257 3268 387 3333 orcculo
411 3267 900 3354 sapientissimumiudicetum
927 3270 1106 3340 beccense
1134 3274 1171 3340 in

157 3356 191 3417 te
215 3354 408 3436 sapientiam
432 3355 644 3440 existumant,
671 3361 709 3422 ut
733 3358 841 3424 omnia
864 3363 923 3423 tue
944 3359 979 3424 in
1000 3363 1034 3424 te
1056 3362 1170 3445 posita
1183 3379 1209 3422 ss

158 3460 229 3504 esse
254 3439 350 3504 ducas
374 3442 596 3527 humanosque
611 3467 719 3523 cesus
736 3446 857 3524 viptute
875 3447 1045 3514 inferiores
1061 3454 1170 3533 putee.

156 3526 272 3609 Itaque
296 3547 334 3590 ex
357 3549 408 3592 me
433 3534 604 3614 quaerunt,
635 3535 729 3600 credo
744 3557 792 3600 ‹ex
813 3534 875 3600 hoe
898 3536 978 3602 item
999 3533 1171 3623 Scaevola,
