<?xml version="1.0" encoding="UTF-8"?>
<!DOCTYPE html PUBLIC "-//W3C//DTD XHTML 1.0 Transitional//EN"
    "http://www.w3.org/TR/xhtml1/DTD/xhtml1-transitional.dtd">
<html xmlns="http://www.w3.org/1999/xhtml" xml:lang="en" lang="en">
 <head>
  <title>
</title>
<meta http-equiv="Content-Type" content="text/html;charset=utf-8" />
  <meta name='ocr-system' content='tesseract 3.04.00' />
  <meta name='ocr-capabilities' content='ocr_page ocr_carea ocr_par ocr_line ocrx_word'/>
</head>
<body>
  <div class='ocr_page' id='page_1' title='image "./mtulliiciceroni04mlgoog_0074.png"; bbox 0 0 2512 3932; ppageno 0'>
   <div class='ocr_carea' id='block_1_1' title="bbox 383 111 1124 182">
    <p class='ocr_par' dir='ltr' id='par_1_1' title="bbox 383 111 1124 182">
     <span class='ocr_line' id='line_1_1' title="bbox 383 111 1124 182; baseline 0.015 -18"><span class='ocrx_word' id='word_1_1' title='bbox 383 111 450 167; x_wconf 79' lang='lat' dir='ltr'><strong>nra.</strong></span> <span class='ocrx_word' id='word_1_2' title='bbox 470 112 491 166; x_wconf 92' lang='lat'><strong>1.</strong></span> <span class='ocrx_word' id='word_1_3' title='bbox 521 111 598 170; x_wconf 75' lang='lat' dir='ltr'><strong>cre.</strong></span> <span class='ocrx_word' id='word_1_4' title='bbox 617 119 642 180; x_wconf 80' lang='lat'><strong>4,</strong></span> <span class='ocrx_word' id='word_1_5' title='bbox 661 119 686 169; x_wconf 80' lang='lat' dir='ltr'><strong>s.</strong></span> <span class='ocrx_word' id='word_1_6' title='bbox 713 119 729 182; x_wconf 74' lang='lat' dir='ltr'><strong>s</strong></span> <span class='ocrx_word' id='word_1_7' title='bbox 749 121 861 171; x_wconf 76' lang='lat'><strong>11-1‘1.</strong></span> <span class='ocrx_word' id='word_1_8' title='bbox 1105 117 1124 182; x_wconf 78' lang='lat' dir='ltr'><strong>u</strong></span> 
     </span>
    </p>
   </div>
   <div class='ocr_carea' id='block_1_2' title="bbox 75 271 1195 3518">
    <p class='ocr_par' dir='ltr' id='par_1_2' title="bbox 75 271 1195 3518">
     <span class='ocr_line' id='line_1_2' title="bbox 111 271 1124 358; baseline 0.006 -20"><span class='ocrx_word' id='word_1_9' title='bbox 111 271 188 338; x_wconf 86' lang='lat' dir='ltr'><strong>dam</strong></span> <span class='ocrx_word' id='word_1_10' title='bbox 217 274 316 356; x_wconf 89' lang='lat' dir='ltr'><strong>putat</strong></span> <span class='ocrx_word' id='word_1_11' title='bbox 347 277 516 357; x_wconf 76' lang='lat' dir='ltr'><strong>cavetque,</strong></span> <span class='ocrx_word' id='word_1_12' title='bbox 546 294 587 340; x_wconf 91' lang='lat' dir='ltr'><strong>ne</strong></span> <span class='ocrx_word' id='word_1_13' title='bbox 619 274 697 358; x_wconf 89' lang='lat' dir='ltr'><strong>quid</strong></span> <span class='ocrx_word' id='word_1_14' title='bbox 723 275 871 342; x_wconf 78' lang='lat' dir='ltr'>indecore</span> <span class='ocrx_word' id='word_1_15' title='bbox 901 276 1124 344; x_wconf 78' lang='lat' dir='ltr'><strong>effeminateve</strong></span> 
     </span>
     <span class='ocr_line' id='line_1_3' title="bbox 110 359 1124 448; baseline 0.006 -24"><span class='ocrx_word' id='word_1_16' title='bbox 110 359 229 443; x_wconf 81' lang='lat' dir='ltr'><strong>faciat,</strong></span> <span class='ocrx_word' id='word_1_17' title='bbox 261 365 333 426; x_wconf 90' lang='lat' dir='ltr'><strong>tum</strong></span> <span class='ocrx_word' id='word_1_18' title='bbox 365 360 399 425; x_wconf 91' lang='lat' dir='ltr'><strong>in</strong></span> <span class='ocrx_word' id='word_1_19' title='bbox 428 361 577 426; x_wconf 90' lang='lat' dir='ltr'><strong>omnibus</strong></span> <span class='ocrx_word' id='word_1_20' title='bbox 605 366 638 427; x_wconf 91' lang='lat' dir='ltr'><strong>et</strong></span> <span class='ocrx_word' id='word_1_21' title='bbox 666 363 871 448; x_wconf 84' lang='lat' dir='ltr'>opinionibus</span> <span class='ocrx_word' id='word_1_22' title='bbox 899 368 933 429; x_wconf 92' lang='lat' dir='ltr'><strong>et</strong></span> <span class='ocrx_word' id='word_1_23' title='bbox 960 362 1056 430; x_wconf 86' lang='lat' dir='ltr'><strong>factis</strong></span> <span class='ocrx_word' id='word_1_24' title='bbox 1083 387 1124 430; x_wconf 88' lang='lat' dir='ltr'><strong>ne</strong></span> 
     </span>
     <span class='ocr_line' id='line_1_4' title="bbox 112 447 1123 536; baseline 0.007 -25"><span class='ocrx_word' id='word_1_25' title='bbox 112 447 191 532; x_wconf 91' lang='lat' dir='ltr'><strong>quid</strong></span> <span class='ocrx_word' id='word_1_26' title='bbox 206 447 391 512; x_wconf 89' lang='lat' dir='ltr'><strong>lubidinose</strong></span> <span class='ocrx_word' id='word_1_27' title='bbox 406 449 577 526; x_wconf 70' lang='lat' dir='ltr'><strong>auttaciat</strong></span> <span class='ocrx_word' id='word_1_28' title='bbox 591 454 648 516; x_wconf 88' lang='lat' dir='ltr'><strong>aut</strong></span> <span class='ocrx_word' id='word_1_29' title='bbox 662 451 793 536; x_wconf 84' lang='lat' dir='ltr'><strong>cogitet.</strong></span> <span class='ocrx_word' id='word_1_30' title='bbox 825 450 948 527; x_wconf 77' lang='lat' dir='ltr'><strong>Quibus</strong></span> <span class='ocrx_word' id='word_1_31' title='bbox 968 473 1007 516; x_wconf 87' lang='lat' dir='ltr'><strong>ex</strong></span> <span class='ocrx_word' id='word_1_32' title='bbox 1027 453 1123 518; x_wconf 87' lang='lat' dir='ltr'><strong>rebus</strong></span> 
     </span>
     <span class='ocr_line' id='line_1_5' title="bbox 112 534 1123 624; baseline 0.002 -22"><span class='ocrx_word' id='word_1_33' title='bbox 112 535 275 602; x_wconf 88' lang='lat' dir='ltr'><strong>conflatur</strong></span> <span class='ocrx_word' id='word_1_34' title='bbox 303 539 337 600; x_wconf 90' lang='lat' dir='ltr'><strong>et</strong></span> <span class='ocrx_word' id='word_1_35' title='bbox 364 534 502 602; x_wconf 84' lang='lat' dir='ltr'><strong>efficitur</strong></span> <span class='ocrx_word' id='word_1_36' title='bbox 528 537 576 621; x_wconf 90' lang='lat' dir='ltr'><strong>id,</strong></span> <span class='ocrx_word' id='word_1_37' title='bbox 603 539 688 622; x_wconf 89' lang='lat' dir='ltr'><strong>quod</strong></span> <span class='ocrx_word' id='word_1_38' title='bbox 717 539 915 624; x_wconf 83' lang='lat' dir='ltr'><strong>quaerimus,</strong></span> <span class='ocrx_word' id='word_1_39' title='bbox 941 539 1123 624; x_wconf 88' lang='lat' dir='ltr'><strong>honestum,</strong></span> 
     </span>
     <span class='ocr_line' id='line_1_6' title="bbox 86 623 1195 712; baseline 0.005 -24"><span class='ocrx_word' id='word_1_40' title='bbox 86 623 200 707; x_wconf 71' lang='lat' dir='ltr'><strong>equod</strong></span> <span class='ocrx_word' id='word_1_41' title='bbox 221 623 351 688; x_wconf 89' lang='lat' dir='ltr'><strong>etiamsi</strong></span> <span class='ocrx_word' id='word_1_42' title='bbox 368 625 578 691; x_wconf 91' lang='lat' dir='ltr'><strong>nobilitatum</strong></span> <span class='ocrx_word' id='word_1_43' title='bbox 594 646 662 691; x_wconf 92' lang='lat' dir='ltr'><strong>non</strong></span> <span class='ocrx_word' id='word_1_44' title='bbox 680 627 734 710; x_wconf 87' lang='lat' dir='ltr'><strong>sit,</strong></span> <span class='ocrx_word' id='word_1_45' title='bbox 751 628 862 692; x_wconf 89' lang='lat' dir='ltr'><strong>tamen</strong></span> <span class='ocrx_word' id='word_1_46' title='bbox 878 627 1051 694; x_wconf 91' lang='lat' dir='ltr'><strong>honestum</strong></span> <span class='ocrx_word' id='word_1_47' title='bbox 1071 629 1123 712; x_wconf 77' lang='lat' dir='ltr'><strong>rit,</strong></span> <span class='ocrx_word' id='word_1_48' title='bbox 1191 635 1195 643; x_wconf 91' lang='lat'>&#39;</span> 
     </span>
     <span class='ocr_line' id='line_1_7' title="bbox 112 710 1124 799; baseline 0.006 -23"><span class='ocrx_word' id='word_1_49' title='bbox 112 711 264 794; x_wconf 91' lang='lat' dir='ltr'><strong>quodque</strong></span> <span class='ocrx_word' id='word_1_50' title='bbox 282 732 359 778; x_wconf 86' lang='lat' dir='ltr'><strong>vere</strong></span> <span class='ocrx_word' id='word_1_51' title='bbox 377 710 520 796; x_wconf 79' lang='lat' dir='ltr'><strong>dicimus,</strong></span> <span class='ocrx_word' id='word_1_52' title='bbox 539 713 667 778; x_wconf 88' lang='lat' dir='ltr'><strong>etiamsi</strong></span> <span class='ocrx_word' id='word_1_53' title='bbox 686 736 706 779; x_wconf 88' lang='lat' dir='ltr'><strong>a</strong></span> <span class='ocrx_word' id='word_1_54' title='bbox 723 715 813 780; x_wconf 89' lang='lat' dir='ltr'><strong>nullo</strong></span> <span class='ocrx_word' id='word_1_55' title='bbox 830 715 988 799; x_wconf 87' lang='lat' dir='ltr'><strong>laudetur,</strong></span> <span class='ocrx_word' id='word_1_56' title='bbox 1006 720 1124 782; x_wconf 86' lang='lat' dir='ltr'><strong>natura</strong></span> 
     </span>
     <span class='ocr_line' id='line_1_8' title="bbox 112 798 383 864; baseline 0 0"><span class='ocrx_word' id='word_1_57' title='bbox 112 819 183 864; x_wconf 90' lang='lat' dir='ltr'><strong>esse</strong></span> <span class='ocrx_word' id='word_1_58' title='bbox 208 798 383 864; x_wconf 88' lang='lat' dir='ltr'><strong>laudabile.</strong></span> 
     </span>
     <span class='ocr_line' id='line_1_9' title="bbox 177 882 1163 976; baseline 0.01 -26"><span class='ocrx_word' id='word_1_59' title='bbox 177 885 334 952; x_wconf 85' lang='lat' dir='ltr'><strong>Formam</strong></span> <span class='ocrx_word' id='word_1_60' title='bbox 362 887 491 970; x_wconf 88' lang='lat' dir='ltr'><strong>quidem</strong></span> <span class='ocrx_word' id='word_1_61' title='bbox 518 889 637 973; x_wconf 88' lang='lat' dir='ltr'><strong>ipsam,</strong></span> <span class='ocrx_word' id='word_1_62' title='bbox 669 887 776 956; x_wconf 88' lang='lat' dir='ltr'><strong>Marce</strong></span> <span class='ocrx_word' id='word_1_63' title='bbox 803 890 865 974; x_wconf 87' lang='lat' dir='ltr'><strong>fili,</strong></span> <span class='ocrx_word' id='word_1_64' title='bbox 893 895 927 956; x_wconf 89' lang='lat' dir='ltr'><strong>et</strong></span> <span class='ocrx_word' id='word_1_65' title='bbox 955 882 1163 976; x_wconf 84' lang='lat' dir='ltr'><strong>tamquam5</strong></span> 
     </span>
     <span class='ocr_line' id='line_1_10' title="bbox 111 958 1175 1064; baseline 0.008 -26"><span class='ocrx_word' id='word_1_66' title='bbox 111 973 230 1040; x_wconf 89' lang='lat' dir='ltr'><strong>faciem</strong></span> <span class='ocrx_word' id='word_1_67' title='bbox 252 975 384 1040; x_wconf 88' lang='lat' dir='ltr'><strong>honesti</strong></span> <span class='ocrx_word' id='word_1_68' title='bbox 406 975 509 1059; x_wconf 83' lang='lat' dir='ltr'><strong>uides,</strong></span> <span class='ocrx_word' id='word_1_69' title='bbox 538 977 649 1060; x_wconf 74' lang='lat' dir='ltr'><strong>‘quae</strong></span> <span class='ocrx_word' id='word_1_70' title='bbox 677 977 710 1042; x_wconf 87' lang='lat' dir='ltr'><strong>si</strong></span> <span class='ocrx_word' id='word_1_71' title='bbox 738 978 861 1042; x_wconf 90' lang='lat' dir='ltr'><strong>oculis</strong></span> <span class='ocrx_word' id='word_1_72' title='bbox 885 983 1123 1064; x_wconf 87' lang='lat' dir='ltr'><strong>cerneretur,</strong></span> <span class='ocrx_word' id='word_1_73' title='bbox 1143 958 1175 1008; x_wconf 72' lang='lat'><strong>¹⁵</strong></span> 
     </span>
     <span class='ocr_line' id='line_1_11' title="bbox 76 1061 1123 1149; baseline 0.013 -29"><span class='ocrx_word' id='word_1_74' title='bbox 76 1081 100 1120; x_wconf 85' lang='lat' dir='ltr'><strong>n</strong></span> <span class='ocrx_word' id='word_1_75' title='bbox 113 1061 319 1128; x_wconf 89' lang='lat' dir='ltr'><strong>mirabiles</strong></span> <span class='ocrx_word' id='word_1_76' title='bbox 346 1062 521 1147; x_wconf 87' lang='lat' dir='ltr'><strong>amores&#39;,</strong></span> <span class='ocrx_word' id='word_1_77' title='bbox 551 1068 588 1128; x_wconf 91' lang='lat' dir='ltr'><strong>ut</strong></span> <span class='ocrx_word' id='word_1_78' title='bbox 615 1064 662 1129; x_wconf 87' lang='lat' dir='ltr'><strong>ait</strong></span> <span class='ocrx_word' id='word_1_79' title='bbox 687 1063 799 1149; x_wconf 89' lang='lat' dir='ltr'><strong>Plato,</strong></span> <span class='ocrx_word' id='word_1_80' title='bbox 831 1065 1038 1132; x_wconf 73' lang='lat' dir='ltr'><strong>‘excitaret</strong></span> <span class='ocrx_word' id='word_1_81' title='bbox 1066 1088 1123 1134; x_wconf 85' lang='lat' dir='ltr'><strong>sa·</strong></span> 
     </span>
     <span class='ocr_line' id='line_1_12' title="bbox 113 1147 1123 1238; baseline 0.007 -24"><span class='ocrx_word' id='word_1_82' title='bbox 113 1148 315 1235; x_wconf 88' lang='lat' dir='ltr'><strong>pientiae&#39;.</strong></span> <span class='ocrx_word' id='word_1_83' title='bbox 351 1147 413 1215; x_wconf 84' lang='lat' dir='ltr'><strong>Sed</strong></span> <span class='ocrx_word' id='word_1_84' title='bbox 430 1172 534 1234; x_wconf 87' lang='lat' dir='ltr'><strong>omne,</strong></span> <span class='ocrx_word' id='word_1_85' title='bbox 553 1153 639 1236; x_wconf 91' lang='lat' dir='ltr'><strong>quod</strong></span> <span class='ocrx_word' id='word_1_86' title='bbox 657 1157 707 1218; x_wconf 89' lang='lat' dir='ltr'><strong>est</strong></span> <span class='ocrx_word' id='word_1_87' title='bbox 721 1153 903 1237; x_wconf 86' lang='lat' dir='ltr'><strong>honestum,</strong></span> <span class='ocrx_word' id='word_1_88' title='bbox 920 1155 954 1218; x_wconf 94' lang='lat' dir='ltr'><strong>id</strong></span> <span class='ocrx_word' id='word_1_89' title='bbox 968 1159 1123 1238; x_wconf 86' lang='lat' dir='ltr'><strong>quattuor</strong></span> 
     </span>
     <span class='ocr_line' id='line_1_13' title="bbox 112 1237 1123 1327; baseline 0.004 -23"><span class='ocrx_word' id='word_1_90' title='bbox 112 1239 256 1322; x_wconf 85' lang='lat' dir='ltr'><strong>partium</strong></span> <span class='ocrx_word' id='word_1_91' title='bbox 286 1237 390 1304; x_wconf 88' lang='lat' dir='ltr'><strong>oritur</strong></span> <span class='ocrx_word' id='word_1_92' title='bbox 418 1260 456 1304; x_wconf 86' lang='lat' dir='ltr'><strong>ex</strong></span> <span class='ocrx_word' id='word_1_93' title='bbox 484 1239 606 1322; x_wconf 86' lang='lat' dir='ltr'><strong>aliqua:</strong></span> <span class='ocrx_word' id='word_1_94' title='bbox 637 1245 694 1306; x_wconf 91' lang='lat' dir='ltr'><strong>aut</strong></span> <span class='ocrx_word' id='word_1_95' title='bbox 721 1242 807 1306; x_wconf 90' lang='lat' dir='ltr'><strong>enim</strong></span> <span class='ocrx_word' id='word_1_96' title='bbox 834 1242 868 1305; x_wconf 93' lang='lat' dir='ltr'><strong>in</strong></span> <span class='ocrx_word' id='word_1_97' title='bbox 894 1243 1123 1327; x_wconf 73' lang='lat' dir='ltr'><strong>perspicientia</strong></span> 
     </span>
     <span class='ocr_line' id='line_1_14' title="bbox 113 1325 1122 1410; baseline 0.004 -20"><span class='ocrx_word' id='word_1_98' title='bbox 113 1325 180 1390; x_wconf 81' lang='lat' dir='ltr'><strong>reri</strong></span> <span class='ocrx_word' id='word_1_99' title='bbox 209 1325 421 1410; x_wconf 74' lang='lat' dir='ltr'><strong>sollertiaque</strong></span> <span class='ocrx_word' id='word_1_100' title='bbox 448 1331 597 1392; x_wconf 86' lang='lat' dir='ltr'><strong>uersatur</strong></span> <span class='ocrx_word' id='word_1_101' title='bbox 624 1331 681 1394; x_wconf 90' lang='lat' dir='ltr'><strong>aut</strong></span> <span class='ocrx_word' id='word_1_102' title='bbox 707 1328 742 1394; x_wconf 90' lang='lat' dir='ltr'><strong>in</strong></span> <span class='ocrx_word' id='word_1_103' title='bbox 772 1328 940 1394; x_wconf 90' lang='lat' dir='ltr'><strong>hominum</strong></span> <span class='ocrx_word' id='word_1_104' title='bbox 968 1331 1122 1396; x_wconf 88' lang='lat' dir='ltr'><strong>societate</strong></span> 
     </span>
     <span class='ocr_line' id='line_1_15' title="bbox 113 1413 1123 1500; baseline 0.005 -22"><span class='ocrx_word' id='word_1_105' title='bbox 113 1413 233 1479; x_wconf 86' lang='lat' dir='ltr'><strong>tuende</strong></span> <span class='ocrx_word' id='word_1_106' title='bbox 256 1414 493 1499; x_wconf 83' lang='lat' dir='ltr'><strong>tribuendoque</strong></span> <span class='ocrx_word' id='word_1_107' title='bbox 516 1436 610 1480; x_wconf 90' lang='lat' dir='ltr'><strong>suum</strong></span> <span class='ocrx_word' id='word_1_108' title='bbox 628 1415 742 1500; x_wconf 88' lang='lat' dir='ltr'><strong>cuique</strong></span> <span class='ocrx_word' id='word_1_109' title='bbox 765 1420 799 1480; x_wconf 92' lang='lat' dir='ltr'><strong>et</strong></span> <span class='ocrx_word' id='word_1_110' title='bbox 816 1438 925 1481; x_wconf 88' lang='lat' dir='ltr'><strong>rerum</strong></span> <span class='ocrx_word' id='word_1_111' title='bbox 944 1421 1123 1483; x_wconf 89' lang='lat' dir='ltr'><strong>contracta·</strong></span> 
     </span>
     <span class='ocr_line' id='line_1_16' title="bbox 78 1500 1123 1591; baseline 0.01 -31"><span class='ocrx_word' id='word_1_112' title='bbox 78 1519 184 1572; x_wconf 74' lang='lat' dir='ltr'><strong>rerum</strong></span> <span class='ocrx_word' id='word_1_113' title='bbox 212 1500 278 1572; x_wconf 86' lang='lat' dir='ltr'><strong>fide</strong></span> <span class='ocrx_word' id='word_1_114' title='bbox 306 1505 363 1566; x_wconf 88' lang='lat' dir='ltr'><strong>aut</strong></span> <span class='ocrx_word' id='word_1_115' title='bbox 388 1502 426 1588; x_wconf 76' lang='lat' dir='ltr'><strong>iq</strong></span> <span class='ocrx_word' id='word_1_116' title='bbox 451 1502 552 1568; x_wconf 91' lang='lat' dir='ltr'><strong>animi</strong></span> <span class='ocrx_word' id='word_1_117' title='bbox 579 1505 696 1570; x_wconf 85' lang='lat' dir='ltr'><strong>excelsi</strong></span> <span class='ocrx_word' id='word_1_118' title='bbox 725 1509 823 1589; x_wconf 89' lang='lat' dir='ltr'><strong>atque</strong></span> <span class='ocrx_word' id='word_1_119' title='bbox 854 1504 969 1570; x_wconf 87' lang='lat' dir='ltr'><strong>invicti</strong></span> <span class='ocrx_word' id='word_1_120' title='bbox 1000 1507 1123 1591; x_wconf 79' lang='lat' dir='ltr'><strong>magni·</strong></span> 
     </span>
     <span class='ocr_line' id='line_1_17' title="bbox 112 1587 1122 1678; baseline 0.005 -24"><span class='ocrx_word' id='word_1_121' title='bbox 112 1589 224 1655; x_wconf 87' lang='lat' dir='ltr'><strong>tudine</strong></span> <span class='ocrx_word' id='word_1_122' title='bbox 249 1611 287 1654; x_wconf 91' lang='lat' dir='ltr'><strong>ac</strong></span> <span class='ocrx_word' id='word_1_123' title='bbox 309 1587 436 1658; x_wconf 67' lang='lat' dir='ltr'><strong>robore</strong></span> <span class='ocrx_word' id='word_1_124' title='bbox 449 1594 506 1656; x_wconf 88' lang='lat' dir='ltr'><strong>aut</strong></span> <span class='ocrx_word' id='word_1_125' title='bbox 528 1591 564 1656; x_wconf 93' lang='lat' dir='ltr'><strong>in</strong></span> <span class='ocrx_word' id='word_1_126' title='bbox 585 1592 744 1676; x_wconf 90' lang='lat' dir='ltr'><strong>omnium,</strong></span> <span class='ocrx_word' id='word_1_127' title='bbox 767 1613 850 1676; x_wconf 91' lang='lat' dir='ltr'><strong>quae</strong></span> <span class='ocrx_word' id='word_1_128' title='bbox 871 1592 954 1658; x_wconf 89' lang='lat' dir='ltr'><strong>fiunt</strong></span> <span class='ocrx_word' id='word_1_129' title='bbox 978 1615 1122 1678; x_wconf 90' lang='lat' dir='ltr'><strong>quaeque</strong></span> 
     </span>
     <span class='ocr_line' id='line_1_18' title="bbox 112 1677 1123 1764; baseline 0.004 -22"><span class='ocrx_word' id='word_1_130' title='bbox 112 1677 278 1761; x_wconf 89' lang='lat' dir='ltr'><strong>dicuntur,</strong></span> <span class='ocrx_word' id='word_1_131' title='bbox 305 1677 417 1742; x_wconf 85' lang='lat' dir='ltr'><strong>ordine</strong></span> <span class='ocrx_word' id='word_1_132' title='bbox 444 1681 478 1745; x_wconf 89' lang='lat' dir='ltr'><strong>et</strong></span> <span class='ocrx_word' id='word_1_133' title='bbox 504 1677 614 1763; x_wconf 90' lang='lat' dir='ltr'><strong>modo,</strong></span> <span class='ocrx_word' id='word_1_134' title='bbox 640 1680 676 1744; x_wconf 92' lang='lat' dir='ltr'><strong>in</strong></span> <span class='ocrx_word' id='word_1_135' title='bbox 702 1701 767 1764; x_wconf 89' lang='lat' dir='ltr'><strong>quo</strong></span> <span class='ocrx_word' id='word_1_136' title='bbox 795 1681 881 1746; x_wconf 90' lang='lat' dir='ltr'><strong>inest</strong></span> <span class='ocrx_word' id='word_1_137' title='bbox 907 1681 1123 1748; x_wconf 88' lang='lat' dir='ltr'><strong>modestiaet</strong></span> 
     </span>
     <span class='ocr_line' id='line_1_19' title="bbox 112 1763 1175 1852; baseline 0.004 -22"><span class='ocrx_word' id='word_1_138' title='bbox 112 1765 341 1851; x_wconf 88' lang='lat' dir='ltr'><strong>temperantia.</strong></span> <span class='ocrx_word' id='word_1_139' title='bbox 372 1763 461 1840; x_wconf 79' lang='lat' dir='ltr'><strong>Quae</strong></span> <span class='ocrx_word' id='word_1_140' title='bbox 480 1770 635 1850; x_wconf 90' lang='lat' dir='ltr'><strong>quattuor</strong></span> <span class='ocrx_word' id='word_1_141' title='bbox 653 1789 849 1852; x_wconf 89' lang='lat' dir='ltr'><strong>quamquam</strong></span> <span class='ocrx_word' id='word_1_142' title='bbox 867 1769 1001 1835; x_wconf 80' lang='lat' dir='ltr'><strong>intense</strong></span> <span class='ocrx_word' id='word_1_143' title='bbox 1021 1770 1175 1848; x_wconf 80' lang='lat' dir='ltr'><strong>colli-(15)</strong></span> 
     </span>
     <span class='ocr_line' id='line_1_20' title="bbox 113 1853 1123 1941; baseline 0.006 -23"><span class='ocrx_word' id='word_1_144' title='bbox 113 1857 191 1939; x_wconf 85' lang='lat' dir='ltr'><strong>gata</strong></span> <span class='ocrx_word' id='word_1_145' title='bbox 219 1858 319 1937; x_wconf 87' lang='lat' dir='ltr'><strong>atque</strong></span> <span class='ocrx_word' id='word_1_146' title='bbox 346 1853 514 1938; x_wconf 89' lang='lat' dir='ltr'><strong>implicata</strong></span> <span class='ocrx_word' id='word_1_147' title='bbox 541 1859 629 1939; x_wconf 89' lang='lat' dir='ltr'><strong>sunt,</strong></span> <span class='ocrx_word' id='word_1_148' title='bbox 661 1860 772 1920; x_wconf 89' lang='lat' dir='ltr'><strong>tamen</strong></span> <span class='ocrx_word' id='word_1_149' title='bbox 802 1877 841 1919; x_wconf 84' lang='lat' dir='ltr'><strong>ex</strong></span> <span class='ocrx_word' id='word_1_150' title='bbox 868 1856 1006 1941; x_wconf 82' lang='lat' dir='ltr'><strong>singulis</strong></span> <span class='ocrx_word' id='word_1_151' title='bbox 1034 1861 1123 1924; x_wconf 88' lang='lat' dir='ltr'><strong>certa</strong></span> 
     </span>
     <span class='ocr_line' id='line_1_21' title="bbox 77 1941 1123 2028; baseline 0.004 -22"><span class='ocrx_word' id='word_1_152' title='bbox 77 1941 298 2007; x_wconf 72' lang='lat' dir='ltr'><strong>solaciorum</strong></span> <span class='ocrx_word' id='word_1_153' title='bbox 321 1961 440 2028; x_wconf 82' lang='lat' dir='ltr'><strong>genera</strong></span> <span class='ocrx_word' id='word_1_154' title='bbox 461 1946 651 2028; x_wconf 89' lang='lat' dir='ltr'><strong>nascuntur,</strong></span> <span class='ocrx_word' id='word_1_155' title='bbox 675 1943 766 2008; x_wconf 87' lang='lat' dir='ltr'><strong>velut</strong></span> <span class='ocrx_word' id='word_1_156' title='bbox 788 1964 827 2007; x_wconf 86' lang='lat' dir='ltr'><strong>ex</strong></span> <span class='ocrx_word' id='word_1_157' title='bbox 850 1962 888 2007; x_wconf 88' lang='lat' dir='ltr'><strong>ea</strong></span> <span class='ocrx_word' id='word_1_158' title='bbox 910 1947 1018 2028; x_wconf 88' lang='lat' dir='ltr'><strong>parte,</strong></span> <span class='ocrx_word' id='word_1_159' title='bbox 1042 1965 1123 2028; x_wconf 89' lang='lat' dir='ltr'><strong>quae</strong></span> 
     </span>
     <span class='ocr_line' id='line_1_22' title="bbox 112 2028 1123 2116; baseline 0.004 -23"><span class='ocrx_word' id='word_1_160' title='bbox 112 2030 219 2114; x_wconf 88' lang='lat' dir='ltr'><strong>prima</strong></span> <span class='ocrx_word' id='word_1_161' title='bbox 243 2028 399 2113; x_wconf 89' lang='lat' dir='ltr'><strong>discripta</strong></span> <span class='ocrx_word' id='word_1_162' title='bbox 422 2034 481 2113; x_wconf 89' lang='lat' dir='ltr'><strong>est,</strong></span> <span class='ocrx_word' id='word_1_163' title='bbox 504 2030 539 2094; x_wconf 91' lang='lat' dir='ltr'><strong>in</strong></span> <span class='ocrx_word' id='word_1_164' title='bbox 562 2052 626 2114; x_wconf 90' lang='lat' dir='ltr'><strong>qua</strong></span> <span class='ocrx_word' id='word_1_165' title='bbox 645 2030 838 2114; x_wconf 77' lang='lat' dir='ltr'><strong>sapientiam</strong></span> <span class='ocrx_word' id='word_1_166' title='bbox 862 2035 894 2096; x_wconf 95' lang='lat' dir='ltr'><strong>et</strong></span> <span class='ocrx_word' id='word_1_167' title='bbox 917 2030 1123 2116; x_wconf 89' lang='lat' dir='ltr'><strong>prudentiam</strong></span> 
     </span>
     <span class='ocr_line' id='line_1_23' title="bbox 111 2116 1122 2204; baseline 0.004 -22"><span class='ocrx_word' id='word_1_168' title='bbox 111 2118 274 2202; x_wconf 89' lang='lat' dir='ltr'><strong>ponimus,</strong></span> <span class='ocrx_word' id='word_1_169' title='bbox 297 2116 382 2182; x_wconf 87' lang='lat' dir='ltr'><strong>inest</strong></span> <span class='ocrx_word' id='word_1_170' title='bbox 404 2117 573 2203; x_wconf 82' lang='lat' dir='ltr'><strong>indagatio</strong></span> <span class='ocrx_word' id='word_1_171' title='bbox 597 2123 694 2202; x_wconf 91' lang='lat' dir='ltr'><strong>atque</strong></span> <span class='ocrx_word' id='word_1_172' title='bbox 716 2119 861 2184; x_wconf 85' lang='lat' dir='ltr'><strong>inventio</strong></span> <span class='ocrx_word' id='word_1_173' title='bbox 884 2119 965 2204; x_wconf 86' lang='lat' dir='ltr'><strong>veri,</strong></span> <span class='ocrx_word' id='word_1_174' title='bbox 991 2119 1122 2204; x_wconf 88' lang='lat' dir='ltr'><strong>eiusque</strong></span> 
     </span>
     <span class='ocr_line' id='line_1_24' title="bbox 111 2204 1174 2292; baseline 0.005 -22"><span class='ocrx_word' id='word_1_175' title='bbox 111 2204 244 2270; x_wconf 80' lang='lat' dir='ltr'><strong>virtutis</strong></span> <span class='ocrx_word' id='word_1_176' title='bbox 272 2204 335 2271; x_wconf 91' lang='lat' dir='ltr'><strong>hoc</strong></span> <span class='ocrx_word' id='word_1_177' title='bbox 362 2227 478 2270; x_wconf 87' lang='lat' dir='ltr'><strong>munus</strong></span> <span class='ocrx_word' id='word_1_178' title='bbox 507 2210 558 2274; x_wconf 89' lang='lat' dir='ltr'><strong>est</strong></span> <span class='ocrx_word' id='word_1_179' title='bbox 583 2206 759 2291; x_wconf 89' lang='lat' dir='ltr'><strong>proprium.</strong></span> <span class='ocrx_word' id='word_1_180' title='bbox 804 2205 852 2272; x_wconf 92' lang='lat' dir='ltr'><strong>Ut</strong></span> <span class='ocrx_word' id='word_1_181' title='bbox 874 2207 960 2273; x_wconf 89' lang='lat' dir='ltr'><strong>enim</strong></span> <span class='ocrx_word' id='word_1_182' title='bbox 986 2208 1121 2292; x_wconf 88' lang='lat' dir='ltr'><strong>quisque</strong></span> <span class='ocrx_word' id='word_1_183' title='bbox 1141 2226 1174 2276; x_wconf 78' lang='lat'><strong>16</strong></span> 
     </span>
     <span class='ocr_line' id='line_1_25' title="bbox 112 2293 1121 2382; baseline 0.002 -24"><span class='ocrx_word' id='word_1_184' title='bbox 112 2293 254 2359; x_wconf 83' lang='lat' dir='ltr'><strong>maxime</strong></span> <span class='ocrx_word' id='word_1_185' title='bbox 275 2293 445 2378; x_wconf 82' lang='lat' dir='ltr'><strong>perspicit,</strong></span> <span class='ocrx_word' id='word_1_186' title='bbox 472 2293 549 2378; x_wconf 89' lang='lat' dir='ltr'><strong>quid</strong></span> <span class='ocrx_word' id='word_1_187' title='bbox 576 2293 611 2359; x_wconf 90' lang='lat' dir='ltr'><strong>in</strong></span> <span class='ocrx_word' id='word_1_188' title='bbox 632 2315 668 2358; x_wconf 88' lang='lat' dir='ltr'><strong>re</strong></span> <span class='ocrx_word' id='word_1_189' title='bbox 691 2316 817 2382; x_wconf 88' lang='lat' dir='ltr'><strong>quaque</strong></span> <span class='ocrx_word' id='word_1_190' title='bbox 840 2296 1045 2360; x_wconf 85' lang='lat' dir='ltr'><strong>verissimum</strong></span> <span class='ocrx_word' id='word_1_191' title='bbox 1069 2295 1121 2379; x_wconf 88' lang='lat' dir='ltr'><strong>sit,</strong></span> 
     </span>
     <span class='ocr_line' id='line_1_26' title="bbox 76 2381 1122 2466; baseline 0.003 -21"><span class='ocrx_word' id='word_1_192' title='bbox 76 2397 99 2438; x_wconf 79' lang='lat'><strong>2⁵</strong></span> <span class='ocrx_word' id='word_1_193' title='bbox 112 2381 233 2465; x_wconf 90' lang='lat' dir='ltr'><strong>quique</strong></span> <span class='ocrx_word' id='word_1_194' title='bbox 256 2381 443 2446; x_wconf 89' lang='lat' dir='ltr'><strong>acutissime</strong></span> <span class='ocrx_word' id='word_1_195' title='bbox 466 2385 500 2446; x_wconf 89' lang='lat' dir='ltr'><strong>et</strong></span> <span class='ocrx_word' id='word_1_196' title='bbox 521 2381 686 2449; x_wconf 80' lang='lat' dir='ltr'><strong>celerrime</strong></span> <span class='ocrx_word' id='word_1_197' title='bbox 709 2386 819 2466; x_wconf 89' lang='lat' dir='ltr'><strong>potest</strong></span> <span class='ocrx_word' id='word_1_198' title='bbox 841 2386 874 2447; x_wconf 89' lang='lat' dir='ltr'><strong>et</strong></span> <span class='ocrx_word' id='word_1_199' title='bbox 892 2382 1000 2448; x_wconf 88' lang='lat' dir='ltr'><strong>videre</strong></span> <span class='ocrx_word' id='word_1_200' title='bbox 1019 2386 1053 2446; x_wconf 91' lang='lat' dir='ltr'><strong>et</strong></span> <span class='ocrx_word' id='word_1_201' title='bbox 1071 2403 1122 2448; x_wconf 82' lang='lat' dir='ltr'><strong>ex·</strong></span> 
     </span>
     <span class='ocr_line' id='line_1_27' title="bbox 111 2468 1120 2554; baseline 0.003 -21"><span class='ocrx_word' id='word_1_202' title='bbox 111 2468 235 2552; x_wconf 82' lang='lat' dir='ltr'><strong>plicare</strong></span> <span class='ocrx_word' id='word_1_203' title='bbox 258 2468 431 2547; x_wconf 84' lang='lat' dir='ltr'><strong>rationem,</strong></span> <span class='ocrx_word' id='word_1_204' title='bbox 460 2469 489 2534; x_wconf 89' lang='lat' dir='ltr'><strong>is</strong></span> <span class='ocrx_word' id='word_1_205' title='bbox 513 2468 783 2552; x_wconf 87' lang='lat' dir='ltr'><strong>prudentissimus</strong></span> <span class='ocrx_word' id='word_1_206' title='bbox 807 2473 839 2535; x_wconf 91' lang='lat' dir='ltr'><strong>et</strong></span> <span class='ocrx_word' id='word_1_207' title='bbox 863 2470 1120 2554; x_wconf 87' lang='lat' dir='ltr'><strong>sapientissimus</strong></span> 
     </span>
     <span class='ocr_line' id='line_1_28' title="bbox 111 2554 1121 2642; baseline 0.003 -22"><span class='ocrx_word' id='word_1_208' title='bbox 111 2556 173 2622; x_wconf 90' lang='lat' dir='ltr'><strong>rite</strong></span> <span class='ocrx_word' id='word_1_209' title='bbox 196 2556 313 2623; x_wconf 88' lang='lat' dir='ltr'><strong>haberi</strong></span> <span class='ocrx_word' id='word_1_210' title='bbox 336 2558 428 2623; x_wconf 89' lang='lat' dir='ltr'><strong>solet.</strong></span> <span class='ocrx_word' id='word_1_211' title='bbox 464 2554 621 2632; x_wconf 80' lang='lat' dir='ltr'><strong>Quocirca</strong></span> <span class='ocrx_word' id='word_1_212' title='bbox 643 2557 719 2624; x_wconf 91' lang='lat' dir='ltr'><strong>huic</strong></span> <span class='ocrx_word' id='word_1_213' title='bbox 742 2558 836 2642; x_wconf 84' lang='lat' dir='ltr'><strong>quasi</strong></span> <span class='ocrx_word' id='word_1_214' title='bbox 853 2559 1000 2641; x_wconf 88' lang='lat' dir='ltr'><strong>materia,</strong></span> <span class='ocrx_word' id='word_1_215' title='bbox 1023 2580 1121 2642; x_wconf 90' lang='lat' dir='ltr'><strong>quam</strong></span> 
     </span>
     <span class='ocr_line' id='line_1_29' title="bbox 111 2644 1174 2729; baseline 0.007 -22"><span class='ocrx_word' id='word_1_216' title='bbox 111 2648 233 2710; x_wconf 86' lang='lat' dir='ltr'><strong>tractet</strong></span> <span class='ocrx_word' id='word_1_217' title='bbox 255 2644 346 2711; x_wconf 89' lang='lat' dir='ltr'><strong>etin</strong></span> <span class='ocrx_word' id='word_1_218' title='bbox 369 2666 434 2729; x_wconf 86' lang='lat' dir='ltr'><strong>qua</strong></span> <span class='ocrx_word' id='word_1_219' title='bbox 455 2649 611 2726; x_wconf 83' lang='lat' dir='ltr'><strong>versetur,</strong></span> <span class='ocrx_word' id='word_1_220' title='bbox 634 2646 779 2712; x_wconf 86' lang='lat' dir='ltr'><strong>subiecta</strong></span> <span class='ocrx_word' id='word_1_221' title='bbox 802 2649 852 2710; x_wconf 88' lang='lat' dir='ltr'><strong>est</strong></span> <span class='ocrx_word' id='word_1_222' title='bbox 869 2645 999 2711; x_wconf 85' lang='lat' dir='ltr'><strong>veritas.</strong></span> <span class='ocrx_word' id='word_1_223' title='bbox 1035 2645 1174 2714; x_wconf 82' lang='lat' dir='ltr'><strong>Reli-1⁷</strong></span> 
     </span>
     <span class='ocr_line' id='line_1_30' title="bbox 113 2732 1120 2816; baseline 0.002 -20"><span class='ocrx_word' id='word_1_224' title='bbox 113 2733 185 2815; x_wconf 87' lang='lat' dir='ltr'><strong>quis</strong></span> <span class='ocrx_word' id='word_1_225' title='bbox 214 2735 324 2798; x_wconf 89' lang='lat' dir='ltr'><strong>autem</strong></span> <span class='ocrx_word' id='word_1_226' title='bbox 351 2733 458 2798; x_wconf 87' lang='lat' dir='ltr'><strong>tribus</strong></span> <span class='ocrx_word' id='word_1_227' title='bbox 485 2733 661 2800; x_wconf 88' lang='lat' dir='ltr'><strong>virtutibus</strong></span> <span class='ocrx_word' id='word_1_228' title='bbox 689 2732 900 2798; x_wconf 85' lang='lat' dir='ltr'><strong>necessitates</strong></span> <span class='ocrx_word' id='word_1_229' title='bbox 932 2733 1120 2816; x_wconf 86' lang='lat' dir='ltr'><strong>propositae</strong></span> 
     </span>
     <span class='ocr_line' id='line_1_31' title="bbox 75 2819 1121 2905; baseline 0.002 -21"><span class='ocrx_word' id='word_1_230' title='bbox 75 2823 188 2884; x_wconf 71' lang='lat' dir='ltr'><strong>esunt</strong></span> <span class='ocrx_word' id='word_1_231' title='bbox 216 2819 340 2884; x_wconf 85' lang='lat' dir='ltr'><strong>adeas</strong></span> <span class='ocrx_word' id='word_1_232' title='bbox 368 2841 419 2886; x_wconf 87' lang='lat' dir='ltr'><strong>res</strong></span> <span class='ocrx_word' id='word_1_233' title='bbox 446 2820 607 2905; x_wconf 88' lang='lat' dir='ltr'><strong>parandas</strong></span> <span class='ocrx_word' id='word_1_234' title='bbox 640 2821 853 2903; x_wconf 87' lang='lat' dir='ltr'><strong>tuendasque,</strong></span> <span class='ocrx_word' id='word_1_235' title='bbox 886 2819 1002 2903; x_wconf 90' lang='lat' dir='ltr'><strong>quibus</strong></span> <span class='ocrx_word' id='word_1_236' title='bbox 1035 2820 1121 2887; x_wconf 88' lang='lat' dir='ltr'><strong>actio</strong></span> 
     </span>
     <span class='ocr_line' id='line_1_32' title="bbox 111 2907 1120 2993; baseline 0.002 -21"><span class='ocrx_word' id='word_1_237' title='bbox 111 2908 198 2972; x_wconf 84' lang='lat' dir='ltr'><strong>vitae</strong></span> <span class='ocrx_word' id='word_1_238' title='bbox 217 2908 411 2990; x_wconf 91' lang='lat' dir='ltr'><strong>continetur,</strong></span> <span class='ocrx_word' id='word_1_239' title='bbox 429 2912 466 2973; x_wconf 93' lang='lat' dir='ltr'><strong>ut</strong></span> <span class='ocrx_word' id='word_1_240' title='bbox 485 2912 518 2973; x_wconf 91' lang='lat' dir='ltr'><strong>et</strong></span> <span class='ocrx_word' id='word_1_241' title='bbox 536 2909 674 2974; x_wconf 88' lang='lat' dir='ltr'><strong>societas</strong></span> <span class='ocrx_word' id='word_1_242' title='bbox 692 2907 860 2973; x_wconf 89' lang='lat' dir='ltr'><strong>hominum</strong></span> <span class='ocrx_word' id='word_1_243' title='bbox 874 2907 1120 2993; x_wconf 88' lang='lat' dir='ltr'><strong>coniunctioque</strong></span> 
     </span>
     <span class='ocr_line' id='line_1_33' title="bbox 112 2994 1121 3081; baseline 0.002 -22"><span class='ocrx_word' id='word_1_244' title='bbox 112 2999 259 3060; x_wconf 85' lang='lat' dir='ltr'><strong>servetur</strong></span> <span class='ocrx_word' id='word_1_245' title='bbox 291 3000 324 3060; x_wconf 89' lang='lat' dir='ltr'><strong>et</strong></span> <span class='ocrx_word' id='word_1_246' title='bbox 357 2995 457 3065; x_wconf 88' lang='lat' dir='ltr'><strong>animi</strong></span> <span class='ocrx_word' id='word_1_247' title='bbox 489 2996 679 3062; x_wconf 84' lang='lat' dir='ltr'><strong>excellentia</strong></span> <span class='ocrx_word' id='word_1_248' title='bbox 705 2994 959 3081; x_wconf 82' lang='lat' dir='ltr'><strong>magnitudoque</strong></span> <span class='ocrx_word' id='word_1_249' title='bbox 986 3017 1058 3061; x_wconf 91' lang='lat' dir='ltr'><strong>cum</strong></span> <span class='ocrx_word' id='word_1_250' title='bbox 1086 2997 1121 3061; x_wconf 91' lang='lat' dir='ltr'><strong>in</strong></span> 
     </span>
     <span class='ocr_line' id='line_1_34' title="bbox 112 3081 1120 3168; baseline 0.001 -20"><span class='ocrx_word' id='word_1_251' title='bbox 112 3083 268 3168; x_wconf 83' lang='lat' dir='ltr'><strong>augendis</strong></span> <span class='ocrx_word' id='word_1_252' title='bbox 296 3082 412 3167; x_wconf 87' lang='lat' dir='ltr'><strong>opibus</strong></span> <span class='ocrx_word' id='word_1_253' title='bbox 439 3083 703 3168; x_wconf 79' lang='lat' dir='ltr'><strong>utilitatibusque</strong></span> <span class='ocrx_word' id='word_1_254' title='bbox 729 3086 762 3148; x_wconf 91' lang='lat' dir='ltr'><strong>et</strong></span> <span class='ocrx_word' id='word_1_255' title='bbox 790 3081 853 3148; x_wconf 89' lang='lat' dir='ltr'><strong>sibi</strong></span> <span class='ocrx_word' id='word_1_256' title='bbox 881 3087 913 3148; x_wconf 90' lang='lat' dir='ltr'><strong>et</strong></span> <span class='ocrx_word' id='word_1_257' title='bbox 940 3083 1007 3147; x_wconf 89' lang='lat' dir='ltr'><strong>suis</strong></span> <span class='ocrx_word' id='word_1_258' title='bbox 1036 3103 1120 3149; x_wconf 90' lang='lat' dir='ltr'><strong>com·</strong></span> 
     </span>
     <span class='ocr_line' id='line_1_35' title="bbox 112 3169 1119 3257; baseline 0.002 -21"><span class='ocrx_word' id='word_1_259' title='bbox 112 3170 278 3255; x_wconf 86' lang='lat' dir='ltr'><strong>parandis,</strong></span> <span class='ocrx_word' id='word_1_260' title='bbox 305 3175 376 3236; x_wconf 90' lang='lat' dir='ltr'><strong>tum</strong></span> <span class='ocrx_word' id='word_1_261' title='bbox 403 3172 507 3237; x_wconf 89' lang='lat' dir='ltr'><strong>multo</strong></span> <span class='ocrx_word' id='word_1_262' title='bbox 535 3172 640 3257; x_wconf 83' lang='lat' dir='ltr'><strong>magis</strong></span> <span class='ocrx_word' id='word_1_263' title='bbox 667 3171 701 3235; x_wconf 91' lang='lat' dir='ltr'><strong>in</strong></span> <span class='ocrx_word' id='word_1_264' title='bbox 729 3170 781 3235; x_wconf 88' lang='lat' dir='ltr'><strong>his</strong></span> <span class='ocrx_word' id='word_1_265' title='bbox 804 3170 884 3254; x_wconf 88' lang='lat' dir='ltr'><strong>ipsis</strong></span> <span class='ocrx_word' id='word_1_266' title='bbox 907 3169 1119 3255; x_wconf 88' lang='lat' dir='ltr'><strong>despiciendis</strong></span> 
     </span>
     <span class='ocr_line' id='line_1_36' title="bbox 79 3257 1120 3326; baseline 0.003 -5"><span class='ocrx_word' id='word_1_267' title='bbox 79 3257 246 3324; x_wconf 75' lang='lat' dir='ltr'><strong>aelueeat.</strong></span> <span class='ocrx_word' id='word_1_268' title='bbox 296 3257 383 3324; x_wconf 89' lang='lat' dir='ltr'><strong>Ordo</strong></span> <span class='ocrx_word' id='word_1_269' title='bbox 414 3261 493 3325; x_wconf 90' lang='lat' dir='ltr'><strong>item</strong></span> <span class='ocrx_word' id='word_1_270' title='bbox 526 3264 559 3324; x_wconf 90' lang='lat' dir='ltr'><strong>et</strong></span> <span class='ocrx_word' id='word_1_271' title='bbox 591 3258 774 3325; x_wconf 85' lang='lat' dir='ltr'><strong>constantia</strong></span> <span class='ocrx_word' id='word_1_272' title='bbox 805 3262 839 3322; x_wconf 93' lang='lat' dir='ltr'><strong>et</strong></span> <span class='ocrx_word' id='word_1_273' title='bbox 875 3258 1054 3325; x_wconf 87' lang='lat' dir='ltr'><strong>moderatio</strong></span> <span class='ocrx_word' id='word_1_274' title='bbox 1086 3264 1120 3326; x_wconf 92' lang='lat' dir='ltr'><strong>et</strong></span> 
     </span>
     <span class='ocr_line' id='line_1_37' title="bbox 114 3345 1120 3433; baseline 0.002 -25"><span class='ocrx_word' id='word_1_275' title='bbox 114 3367 158 3430; x_wconf 91' lang='lat' dir='ltr'><strong>ea,</strong></span> <span class='ocrx_word' id='word_1_276' title='bbox 181 3367 264 3430; x_wconf 93' lang='lat' dir='ltr'><strong>quae</strong></span> <span class='ocrx_word' id='word_1_277' title='bbox 288 3350 364 3411; x_wconf 88' lang='lat' dir='ltr'><strong>sunt</strong></span> <span class='ocrx_word' id='word_1_278' title='bbox 386 3346 437 3414; x_wconf 87' lang='lat' dir='ltr'><strong>his</strong></span> <span class='ocrx_word' id='word_1_279' title='bbox 462 3347 594 3430; x_wconf 89' lang='lat' dir='ltr'><strong>similia,</strong></span> <span class='ocrx_word' id='word_1_280' title='bbox 617 3349 788 3412; x_wconf 80' lang='lat' dir='ltr'><strong>versantur</strong></span> <span class='ocrx_word' id='word_1_281' title='bbox 811 3345 845 3409; x_wconf 93' lang='lat' dir='ltr'><strong>in</strong></span> <span class='ocrx_word' id='word_1_282' title='bbox 868 3367 905 3410; x_wconf 91' lang='lat' dir='ltr'><strong>eo</strong></span> <span class='ocrx_word' id='word_1_283' title='bbox 929 3368 1055 3433; x_wconf 84' lang='lat' dir='ltr'><strong>genere,</strong></span> <span class='ocrx_word' id='word_1_284' title='bbox 1078 3347 1120 3410; x_wconf 86' lang='lat' dir='ltr'><strong>ad</strong></span> 
     </span>
     <span class='ocr_line' id='line_1_38' title="bbox 115 3433 1118 3518; baseline -0.002 -20"><span class='ocrx_word' id='word_1_285' title='bbox 115 3434 197 3517; x_wconf 93' lang='lat' dir='ltr'><strong>quod</strong></span> <span class='ocrx_word' id='word_1_286' title='bbox 220 3438 271 3499; x_wconf 87' lang='lat' dir='ltr'><strong>est</strong></span> <span class='ocrx_word' id='word_1_287' title='bbox 294 3433 476 3502; x_wconf 87' lang='lat' dir='ltr'><strong>adhibenda</strong></span> <span class='ocrx_word' id='word_1_288' title='bbox 495 3436 581 3501; x_wconf 90' lang='lat' dir='ltr'><strong>actio</strong></span> <span class='ocrx_word' id='word_1_289' title='bbox 602 3433 768 3518; x_wconf 90' lang='lat' dir='ltr'><strong>quaedam,</strong></span> <span class='ocrx_word' id='word_1_290' title='bbox 790 3433 982 3498; x_wconf 82' lang='lat' dir='ltr'><strong>nouaclum</strong></span> <span class='ocrx_word' id='word_1_291' title='bbox 1001 3433 1118 3496; x_wconf 88' lang='lat' dir='ltr'><strong>mentis</strong></span> 
     </span>
    </p>
   </div>
   <div class='ocr_carea' id='block_1_3' title="bbox 0 0 1260 3932">
    <p class='ocr_par' dir='ltr' id='par_1_3' title="bbox 0 0 1260 3932">
     <span class='ocr_line' id='line_1_39' title="bbox 0 0 1260 3932; baseline 0 0"><span class='ocrx_word' id='word_1_292' title='bbox 0 0 1260 3932; x_wconf 95' lang='lat' dir='ltr'><strong> </strong></span> 
     </span>
    </p>
   </div>
  </div>
 </body>
</html>
