2570 3944
409 195 618 252 PHILOSOPE
637 196 666 251 F.
686 199 698 252 1
718 204 811 254 5-11.
1050 197 1114 262 309

104 359 336 444 propupnaeula
351 364 614 442 praepararentur
631 379 654 424 e.
670 379 698 442 p.
715 379 739 425 s.
757 358 797 443 (§
815 359 851 445 t)
868 359 1009 424 Haecin
1029 357 1115 425 Oeco-

106 450 219 514 nimico
242 446 413 529 Xenophon
433 453 463 513 ei
483 449 589 514 deiude
607 444 717 526 (litero,
739 449 793 529 pul
811 467 880 512 curn
897 447 1031 513 Latinae
1048 467 1115 512 cou-

107 537 263 602 suetudiui
285 536 427 613 tradidit,
449 556 512 600 non
533 536 685 600 inutiliter
706 537 922 601 disseruerunt.

177 623 227 688 10.
254 622 370 689 Colum.
397 623 478 690 XII
499 627 530 689 2.
558 629 660 690 6—3.
683 627 705 688 4
732 622 831 705 (Xon.
858 631 887 690 9.
910 623 1040 707 6-10)
1066 621 1116 689 De

80 711 218 795 squillas
240 711 379 778 omnihus
396 711 444 776 M.
458 709 561 777 Onera
579 713 789 777 auctoritatem
807 711 1018 794 Xenophontis
1035 729 1115 776 secu-

109 801 220 866 tasin
248 798 441 886 Oeconomico
466 801 511 866 sic
541 800 660 866 inducit
685 799 917 866 lsduuuduu
948 800 1115 864 sciscitanti

108 887 230 954 Socrati
250 891 446 958 munuum:
476 887 679 970 Priceparatis
700 889 816 954 idoueis
838 889 912 955 locis
933 889 1115 953 iustrumen-

110 981 176 1042 tum
197 981 226 1040 ct
246 975 457 1056 supellectilem
479 975 658 1042 distribuere
679 978 838 1058 coepimus,
863 997 900 1042 ac
919 978 1057 1058 priumrn
1076 995 1116 1040 ea

109 1065 302 1142 smeuuus,
332 1063 441 1144 ouibus
467 1065 583 1130 adres
609 1065 731 1129 diuinas
761 1067 809 1129 uti
839 1065 981 1147 solonius,
1009 1068 1116 1146 postea

67 1151 260 1216 menardum
278 1151 462 1229 muluhrcrn,
479 1152 534 1233 qui
546 1153 589 1218 ad
600 1153 664 1216 dics
679 1152 772 1232 festos
785 1149 991 1234 comparatur,
1008 1152 1117 1216 deiude

110 1240 154 1304 ad
173 1239 252 1304 helle
272 1239 406 1322 nirdam,
434 1240 507 1305 ilem
532 1240 653 1307 dicrum
677 1240 871 1305 sollemnium
896 1244 1041 1306 muratum
1062 1258 1116 1304 nec

110 1327 215 1414 miuus
236 1326 434 1392 utcauuuco
455 1328 576 1409 uhpue
596 1329 684 1393 senui
710 1328 931 1404 couaenhntia;
959 1333 1024 1392 tune
1051 1327 1117 1392 iam

110 1434 246 1480 seorsum
276 1434 368 1480 arua
398 1435 435 1479 ac
462 1415 522 1480 tela
547 1415 766 1497 sepouebauur
791 1421 821 1480 et
845 1417 880 1481 iu
906 1417 1004 1480 alteru
1027 1421 1117 1496 parte

13 1517 14 1520 ’
110 1505 328 1586 instrumenta,
353 1503 462 1585 quihus
488 1504 531 1568 ad
552 1503 690 1585 lanificia
711 1508 849 1569 utuntur.
893 1502 980 1582 Post,
1007 1503 1117 1585 quihus
1193 1575 1198 1586 ,

70 1608 97 1650 1⁵
111 1592 154 1656 ad
175 1591 275 1656 ochum
297 1593 537 1672 comparandum
558 1593 641 1657 ausis
661 1593 709 1657 uli
731 1592 877 1676 assolent,
898 1591 1116 1658 constihechau·

112 1684 176 1757 tur,
203 1679 287 1762 iude‚
312 1699 398 1761 puae-
416 1681 459 1744 ad
485 1680 679 1764 lavationem,
710 1700 788 1762 quae
814 1681 858 1745 ad
882 1681 1117 1758 eumnahonern,

111 1786 189 1848 quae
210 1767 254 1831 ad
273 1786 411 1832 uuusurn
428 1769 615 1833 cotidianam
631 1772 721 1849 atque
738 1769 940 1850 epulationem
953 1769 1117 1850 pertinent,

111 1854 344 1936 eupueaauau.
375 1853 486 1920 Postea
502 1874 541 1921 erc
559 1855 609 1933 iis,
631 1855 740 1937 quihus
761 1857 868 1921 cotidie
888 1856 1016 1938 utimur,
1037 1857 1119 1936 quod

112 1947 303 2008 nnuman
327 1948 413 2021 esset,
438 1942 640 2025 seposuimus,
668 1963 809 2008 annuum
834 1963 952 2025 puoqrce
977 1944 1013 2007 iu
1039 1945 1117 2008 duos

70 2050 99 2090 πο
109 2035 215 2112 partes
236 2030 412 2108 diuiduum
435 2051 511 2095 narn
532 2032 577 2096 sic
597 2031 702 2097 miuus
721 2031 815 2114 fallit,
836 2033 891 2114 qui
912 2032 1011 2096 caitus
1031 2030 1117 2110 tutac-

112 2137 167 2184 rns
184 2119 233 2184 sit.
264 2117 352 2184 Haec
363 2123 528 2200 postquam
545 2120 650 2184 omnia
667 2121 852 2203 nummus,
874 2125 939 2185 tum
956 2139 1011 2184 suo
1028 2139 1117 2202 quae·

112 2225 169 2288 pue
191 2206 252 2271 loco
270 2207 489 2288 disposuimus·
512 2209 627 2286 deinde,
649 2207 758 2290 quhus
775 2208 882 2274 cotidie
898 2208 1011 2273 sumeli
1027 2213 1117 2273 utun-

114 2299 173 2376 tur,
195 2313 273 2376 quae
294 2295 338 2359 ad
358 2295 504 2376 lanihciu,
527 2315 605 2376 puae
626 2297 669 2360 ad
689 2296 808 2361 cibaria
829 2298 983 2379 coquenda
1004 2301 1033 2361 et
1048 2315 1117 2362 cou-

112 2382 243 2462 hmenda
256 2383 417 2464 pertinent,
434 2382 507 2448 haec
524 2385 607 2465 ipsis,
625 2385 679 2465 qui
696 2385 737 2449 iis
753 2385 801 2448 uti
811 2385 915 2467 solent,
934 2384 1119 2463 tradedimus

72 2487 100 2528 us
113 2475 154 2554 et,
182 2469 294 2543 uhiec
314 2475 467 2551 poscerent,
488 2472 761 2536 domonstravimus
782 2476 823 2548 et,
849 2477 885 2537 ut
905 2473 992 2537 salua
1014 2475 1118 2555 essent

108 2558 329 2639 praecepimus.
361 2558 477 2637 Quibm
494 2563 596 2624 autem
613 2559 656 2623 ad
673 2561 736 2624 dies
751 2559 843 2638 festas
860 2563 889 2624 el
905 2561 949 2624 ad
965 2560 1119 2643 hospitum
1213 2631 1218 2638 ,

114 2645 277 2720 αᾱυεπιαιηι
289 2647 408 2712 utimur
420 2651 449 2710 ct
461 2647 504 2712 ad
517 2647 667 2727 quaedam
684 2666 762 2710 rara
779 2648 907 2729 repotia,
923 2647 996 2712 haec
1008 2667 1118 2729 proum

115 2733 301 2802 tradidimus
321 2739 351 2800 et
372 2735 437 2800 loca
453 2735 591 2800 omniurn
608 2735 881 2800 demormtrauirnus
897 2739 927 2798 et
943 2737 1048 2799 omnia
1065 2735 1118 2799 ad·

114 2822 343 2888 numerauimus
358 2827 448 2904 atque
464 2823 668 2888 adumrurata
685 2822 746 2904 ipsi
762 2823 978 2904 euscrr'psimus
995 2842 1119 2904 uimque

72 2925 101 2966 ³0
114 2909 339 2988 admonuimus,
352 2915 395 2989 ut,
411 2911 615 2992 quodcunque
628 2930 703 2992 opus
720 2915 801 2993 esset,
817 2912 915 2990 sciret,
932 2912 1013 2976 uelde
1025 2912 1120 2988 daret,

114 3000 143 3060 ct
164 2997 348 3064 meminisset
365 3003 454 3081 alone
470 2999 638 3076 adnotaret,
660 2999 737 3080 quid
756 3002 786 3062 et
805 2999 928 3080 quaeda
950 3003 979 3062 et
1000 3000 1050 3064 cui
1072 2999 1119 3062 de-

113 3083 218 3167 disset,
240 3089 281 3162 et,
306 3105 374 3150 curn
395 3087 562 3168 recepisset,
587 3090 624 3150 ut
643 3087 775 3168 quidque
795 3105 851 3151 suo
874 3086 936 3151 loco
957 3091 1119 3168 reponeret.

182 3173 232 3238 11.
260 3171 375 3238 Galum.
400 3172 461 3237 XI
483 3178 511 3237 1.
538 3176 558 3237 5
585 3172 685 3254 (Xon.
710 3177 762 3238 12.
788 3173 826 3256 3)
855 3172 900 3238 In
927 3171 1120 3239 Oeconornico

113 3257 332 3345 Xenophontis,
349 3281 437 3343 quem
455 3261 502 3326 M.
517 3259 619 3325 Cicero
632 3261 746 3326 Latino
764 3261 898 3326 sermoni
915 3262 1052 3340 tradidit,
1071 3263 1120 3326 vir

72 3365 99 3406 ss
113 3349 249 3431 eprepius
270 3349 323 3414 ille
343 3348 558 3414 Ischomachus
579 3348 777 3414 Atheniensis
798 3354 923 3434 capatus
945 3370 966 3414 a
987 3347 1117 3429 Socrate,

13 3467 14 3470 ¹
112 3441 271 3516 unumne,
297 3438 327 3502 si
347 3455 396 3504 res
416 3437 588 3519 familiaris
609 3437 817 3522 denduasset,
843 3439 975 3504 ueremi
995 3439 1117 3504 uilicum

113 3529 272 3607 tanquam
287 3525 412 3604 fabrum
430 3546 474 3592 uu
491 3526 556 3608 ipse
572 3525 730 3593 instituere
743 3527 943 3594 consueverit:
961 3525 1029 3610 Epo
1042 3547 1117 3606 vero,
