2512 3932
125 197 169 262 30
519 195 569 250 DE
588 195 739 252 Orneus

126 358 219 435 Quod
251 379 353 444 genua
385 357 538 443 peccandi
569 358 738 423 vitandum
770 362 821 422 est
850 359 948 424 etiam
976 359 1011 423 in
1039 359 1139 426 rebus

126 446 268 512 urbanis.
305 444 388 511 Sunt
406 446 502 530 enim,
525 446 589 530 qui,
613 446 699 530 quod
717 447 871 530 sentiunt,
895 447 956 512 etsi
976 448 1139 532 optimum

73 603 81 630 ι
127 536 183 620 sit,
206 539 316 600 tamen
340 533 479 599 invidiae
503 539 593 599 metu
615 556 681 599 non
705 534 845 600 audeant
868 535 980 601 dicere.

95 603 116 667 5
193 623 333 689 Omnino
357 623 412 706 qui
435 623 482 687 rei
505 622 655 707 publicae
672 622 855 708 praebituri
874 628 959 707 sunt,
982 624 1045 689 duo
1064 625 1140 691 Pla-

72 679 106 730 85
124 711 213 777 tonis
236 715 410 797 praecepta
434 714 581 796 teneant,
608 732 722 795 unum,
749 715 786 775 ut
812 711 989 777 utilitatem
1018 713 1139 779 civium
1169 735 1181 775 8

127 801 173 866 sic
195 805 358 884 tueantur,
378 804 429 882 ut,
453 820 672 884 quaecumque
696 803 811 886 agunt,
835 800 875 864 ad
899 822 971 865 eam
993 801 1139 868 referant

126 889 223 954 obliti
241 887 483 954 commodorum
503 908 644 971 suorum,
668 889 816 973 alterum,
838 893 876 952 ut
894 892 1002 954 totum
1019 911 1138 976 corpus

126 978 173 1043 rei
195 976 346 1061 publicae
369 980 491 1058 curent,
513 997 564 1060 ne,
587 976 662 1040 dum
686 980 813 1060 partem
833 977 976 1061 aliquam
995 983 1139 1062 tuentur,

126 1065 268 1147 reliquas
292 1064 451 1129 deserant.
496 1061 544 1128 Ut
567 1064 653 1128 enim
675 1065 788 1148 tutela,
812 1065 858 1130 sic
879 1067 1067 1150 procuratio
1091 1068 1139 1132 rei

125 1153 276 1238 publicae
295 1152 336 1217 ad
355 1172 466 1217 eorum
485 1150 672 1236 utilitatem,
697 1153 752 1236 qui
775 1154 940 1218 commissi
963 1159 1049 1238 sunt,
1072 1178 1139 1220 non
1156 1177 1182 1217 ιο

127 1240 169 1304 ad
196 1261 320 1323 eorum,
352 1240 469 1324 quibus
502 1240 675 1306 commissa
707 1245 770 1324 est,
807 1242 948 1326 gerenda
982 1247 1045 1327 est,
1083 1245 1139 1328 qui

127 1332 235 1395 autem
258 1329 347 1414 parti
369 1329 488 1393 civium
507 1329 689 1412 consulunt,
711 1332 840 1413 partem
858 1330 1045 1416 neglegunt,
1068 1353 1139 1396 rem

126 1417 435 1502 perniciosissimam
453 1416 488 1482 in
507 1416 673 1482 civitatem
692 1417 856 1501 inducunt,
880 1419 1072 1485 seditionem
1092 1425 1139 1484 at·

42 1507 45 1510 ’
127 1525 188 1588 que
212 1505 419 1587 discordiam3
441 1526 481 1569 ex
503 1526 567 1588 quo
591 1505 711 1586 evenit,
735 1509 772 1570 ut
795 1505 852 1570 alii
874 1508 1057 1592 populares,
1081 1509 1140 1573 alii

128 1593 265 1658 studiosi
283 1593 401 1678 optimi
419 1593 573 1677 cuiusque
591 1592 771 1676 videantur,
789 1596 884 1678 pauci
903 1596 1138 1662 universorum.
1156 1615 1183 1656 15
1247 1629 1248 1636 κ

73 1697 107 1747 88
127 1679 212 1746 Hinc
235 1681 322 1765 apud
344 1680 554 1746 Atheniensis
578 1701 716 1766 magnae
744 1681 935 1766 discordiae,
962 1685 995 1748 in
1023 1689 1140 1751 nostra

126 1790 162 1832 re
185 1768 317 1852 publica
338 1790 404 1833 non
427 1769 532 1833 solum
556 1768 744 1853 seditiones,
773 1770 829 1835 sed
854 1771 953 1836 etiam
981 1772 1139 1857 pestifera

127 1857 215 1921 bella
243 1856 365 1942 cirilia3
395 1878 477 1941 quae
501 1858 610 1942 gravis
634 1860 667 1922 et
688 1857 785 1923 fortis
809 1859 888 1924 civis
912 1865 945 1924 et
966 1860 1001 1924 in
1023 1882 1058 1925 re
1081 1885 1139 1947 pu·
1247 1885 1248 1890 ¹

126 1944 214 2011 blica
235 1945 352 2032 dignus
380 1945 565 2030 principatu
587 1944 693 2032 fugiet
716 1950 814 2030 atque
837 1947 943 2012 oderit
965 1949 1138 2034 tradetque

128 2054 162 2098 se
184 2036 291 2099 totum
314 2033 362 2098 rei
386 2033 536 2117 publicae
558 2055 661 2116 neque
685 2040 843 2119 opesaut
863 2037 1044 2120 potentiam
1063 2060 1137 2102 con·
1152 2057 1182 2098 ao

128 2121 305 2185 sectabitur
322 2125 492 2204 totamque
511 2143 582 2185 eam
602 2120 647 2186 sio
666 2122 819 2206 tuebitur,
837 2128 875 2187 ut
894 2125 1044 2190 omnibus
1064 2148 1139 2191 con·
1247 2161 1248 2166 κ

128 2209 229 2291 sulat3
246 2229 304 2272 nec
323 2229 400 2273 vero
419 2207 608 2274 criminibus
626 2208 719 2274 falsis
736 2211 771 2275 in
785 2211 894 2276 odium
909 2217 967 2278 aut
980 2214 1138 2280 invidiam
1247 2270 1248 2296 ,

127 2317 322 2380 quemquam
336 2295 467 2361 vocabit
481 2296 675 2380 omninoque
686 2298 735 2363 ita
748 2299 893 2364 iustitiae
907 2300 1138 2386 honestatique

127 2383 348 2468 adhaerescet,
374 2387 425 2468 ut,
452 2383 528 2449 dum
551 2406 589 2450 ea
612 2393 793 2471 conservet,
822 2389 970 2472 quamvis
993 2391 1140 2474 graviter

127 2472 269 2537 offendat
291 2475 494 2556 mortemque
516 2477 652 2558 oppetat
673 2475 900 2560 potiusquam
920 2477 1048 2543 deserat
1068 2480 1181 2564 illaec
1247 2559 1248 2564 ἵ

74 2575 106 2626 87
127 2581 209 2645 quae
228 2559 302 2626 dixi.
338 2560 520 2626 Miserrima
539 2563 670 2628 omnino
689 2567 740 2628 est
758 2565 893 2629 ambitio
912 2565 1139 2651 honorumque

126 2649 301 2734 eontentio,
320 2649 358 2714 de
378 2669 442 2734 qua
460 2651 626 2734 praeclare
644 2652 730 2738 apud
744 2653 880 2718 eundem
894 2657 944 2718 est
955 2653 1138 2740 Platonem,

126 2737 329 2803 ‘similiter
346 2737 476 2804 facere
495 2759 579 2822 eos,
591 2740 655 2823 qui
674 2741 776 2805 inter
790 2763 829 2806 se
843 2743 1138 2828 contenderent,

125 2830 211 2891 uter
233 2827 365 2911 potius
388 2848 466 2892 rem
489 2827 685 2912 publicam
705 2828 1014 2917 administraret,
1037 2836 1080 2896 ut
1103 2833 1138 2896 si

125 2918 267 2978 nautae
290 2918 501 2998 certarent,
530 2915 616 2998 quis
645 2935 774 2980 eorum
798 2918 1043 3001 potissimum
1071 2937 1180 3006 guse

125 3001 328 3066 bernaret?
365 3001 518 3085 Idemque
536 3003 703 3088 praecipit,
726 3008 764 3067 ut
787 3005 865 3069 ‘eos
890 3006 1137 3074 adversarios

127 3089 405 3172 existimem,
428 3090 492 3174 qui
516 3111 621 3160 arma
643 3092 942 3178 contraierant,
965 3117 1039 3161 non
1058 3117 1138 3180 eos,

127 3177 190 3261 qui
223 3199 290 3244 suo
322 3178 468 3244 iudicio
502 3179 605 3243 tueri
641 3201 719 3244 rem
755 3180 950 3266 publicam
987 3184 1138 3268 velint’,

127 3265 233 3349 qualis
261 3264 325 3330 fuit
351 3266 437 3331 inter
463 3265 499 3330 P.
527 3266 718 3332 Africanum
746 3271 779 3332 et
807 3267 842 3343 Q.
870 3269 1040 3338 Metellum
1067 3273 1137 3338 sine

127 3353 305 3418 acerbitate
328 3353 495 3418 dissensio.
1151 3377 1178 3419 aa

73 3456 107 3505 88
192 3439 260 3506 Neo
287 3462 363 3506 uero
393 3441 555 3527 audiendi,
583 3445 638 3527 qui
665 3444 810 3530 graviter
836 3445 975 3511 inimicis
999 3447 1137 3512 irascen-

127 3529 204 3594 dum
230 3528 393 3615 putabunt
420 3530 516 3615 idque
548 3532 747 3616 magnanimi
779 3536 812 3597 et
842 3532 938 3598 fortis
971 3535 1034 3602 viri
1066 3557 1137 3601 esse
