2504 3950
143 161 189 225 40
538 157 587 212 DE
606 157 758 213 omens

91 289 142 417 ξιξ
209 317 259 386 Ac
286 318 410 385 duabus
436 318 478 384 iis
507 320 670 405 personis,
700 339 782 402 quas
814 340 913 402 supra
944 319 1025 403 dixi,
1055 321 1159 386 tertia

144 407 346 493 adiungitur,
378 429 477 491 quum
509 427 603 473 casus
633 407 735 491 aliqui
763 410 821 472 aut
852 411 980 492 tempus
1010 408 1159 492 inponit3

144 500 262 580 quarta
285 496 398 580 etiam,
426 517 524 580 quam
550 491 713 561 nobismet
739 495 805 580 ipsi
826 495 944 560 iudicio
966 500 1084 561 nostro
1108 517 1158 562 ao·
1242 497 1243 534 l

144 583 395 650 commodamus.
426 583 513 650 Nam
529 603 639 670 regna,
657 583 803 668 imperia,
819 583 987 668 nobilitas,
1004 583 1158 668 honores,

144 671 285 757 divitiae,
308 693 387 759 opes
409 693 520 756 eaque,
542 693 625 755 quae
648 675 725 737 sunt
746 671 799 759 his
822 672 995 755 contraria,
1019 672 1055 736 in
1078 693 1158 738 casu
1182 691 1196 732 a
1242 707 1243 756 p

144 759 208 826 sita
225 761 427 846 temporibus
446 761 682 846 gubernantur,
703 759 769 844 ipsi
791 762 900 824 autern
919 778 1033 848 gerere
1056 779 1158 846 quam
1242 765 1243 848 l

142 868 315 932 personam
346 848 498 932 velimus,
527 869 553 914 a
582 852 698 913 nostra
728 848 898 913 voluntate
927 847 1156 932 proficiscitur.
1242 867 1243 926 ζ

142 935 258 1020 Itaque
282 957 316 1000 se
339 936 395 1000 alii
418 935 459 1000 ad
481 935 734 1021 philosophiam,
756 935 814 1003 alii
835 933 944 1001 adius
968 935 1074 1020 civile,
1099 936 1158 1002 alii
1242 935 1243 1016 ἶ

143 1023 184 1088 ad
203 1024 617 1108 eloquentiam‘applieant,
633 1024 844 1108 ipsarumque
861 1023 1021 1088 virtutum
1039 1023 1076 1087 in
1091 1023 1158 1088 alia

92 1129 142 1178 116
157 1111 241 1176 alius
251 1113 376 1177 mavult
385 1112 549 1178 excellere.
573 1110 716 1187 Quorum
724 1131 802 1176 vero
816 1115 927 1196 patres
941 1115 1000 1177 aut
1012 1113 1157 1178 maiores
1171 1129 1198 1171 ιο
1242 1151 1243 1218 p

144 1200 255 1285 aliqua
269 1200 375 1286 gloria
391 1200 635 1285 praestiterunt,
652 1200 676 1264 ii
691 1199 822 1264 student
835 1199 1027 1284 plerumque
1041 1197 1157 1266 eodem
1242 1225 1243 1256 l

142 1288 178 1352 in
200 1308 317 1372 genere
340 1289 446 1354 laudis
469 1289 635 1372 excellcre,
657 1291 695 1353 ut
716 1286 753 1364 Q.
775 1287 901 1352 Mucius
923 1286 959 1354 P.
981 1287 1005 1353 f.
1026 1288 1063 1353 in
1085 1289 1158 1354 iura

144 1375 246 1459 civili,
274 1375 370 1442 Pauli
395 1377 483 1442 filius
505 1376 680 1442 Africanus
706 1375 742 1440 in
766 1397 803 1440 re
825 1376 970 1441 militari.
1015 1375 1158 1451 Quidam
1242 1377 1243 1429 ἱ

145 1469 254 1531 autem
277 1465 318 1531 ad
341 1485 396 1530 eas
419 1464 540 1549 laudes,
562 1485 644 1548 quas
667 1485 687 1528 a
707 1463 857 1548 patribus
876 1469 1079 1548 acceperunt,
1103 1465 1159 1530 ad-

144 1553 226 1618 dunt
247 1553 391 1636 aliquam
414 1575 516 1635 suam,
537 1557 576 1616 ut
597 1551 650 1616 hic
669 1552 756 1617 idem
774 1551 950 1617 Africanus
968 1551 1158 1637 eloquentia
1172 1569 1199 1611 15
1242 1551 1243 1576 l

145 1641 322 1706 cumulavit
348 1640 500 1706 bellicam
527 1640 681 1726 gloriam3
713 1639 800 1723 quod
825 1640 911 1705 idem
941 1639 1022 1706 fecit
1048 1639 1159 1706 'Pim-
1242 1683 1243 1736 ,

144 1727 240 1792 theus
258 1725 400 1793 Cononis
417 1727 515 1811 filius,
537 1727 594 1812 qui
615 1749 689 1793 cum
710 1728 790 1793 belli
812 1727 909 1793 laude
930 1749 997 1793 non
1018 1728 1158 1794 inferior
1242 1739 1243 1788 l

143 1814 260 1881 fuisset
278 1837 376 1900 quam
389 1821 493 1901 pater,
511 1817 552 1881 ad
566 1837 638 1882 eam
652 1815 782 1881 laudem
795 1815 962 1882 doctrinae
978 1819 1013 1880 et
1029 1816 1159 1902 ingenii

144 1904 284 1990 gloriam
312 1903 437 1970 adiecit.
481 1903 537 1970 Fit
563 1907 672 1971 autem
699 1903 875 1986 interdum,
906 1907 945 1968 ut
973 1924 1041 1968 non
1071 1905 1159 1968 nulli
1242 1913 1243 1998 l

144 1993 265 2058 omissa
286 1993 471 2059 imitatione
490 1993 651 2058 maiorum
669 2013 764 2058 suum
782 1989 944 2076 quoddam
962 1992 1158 2058 institutum
1172 2009 1200 2052 ru
1242 2003 1243 2064 1

144 2085 395 2166 consequantur,
424 2081 626 2165 maximoque
648 2081 683 2145 in
705 2101 743 2145 eo
766 2081 957 2164 plerumque
981 2081 1159 2145 elaborant
1242 2071 1243 2132 l

144 2167 177 2249 ii,
199 2169 255 2252 qui
277 2188 398 2253 magna
420 2168 484 2232 sibi
506 2171 693 2254 proponunt
716 2168 862 2234 obscuris
880 2169 946 2233 orti
963 2168 1157 2234 maioribus.
1242 2179 1243 2182 ’

94 2254 248 2320 11'1Haec
266 2255 368 2340 igitur
386 2255 503 2338 omnia,
526 2277 599 2320 curn
617 2256 811 2341 quaerimus,
831 2256 909 2341 quid
926 2255 1048 2340 deceat,
1070 2277 1160 2322 com·

144 2344 243 2429 plecti
265 2343 373 2408 animo
397 2347 431 2408 et
448 2343 647 2429 cogitatione
665 2344 832 2427 debemus3
853 2345 887 2408 in
905 2345 1020 2430 primis
1043 2347 1159 2410 autem
1242 2345 1243 2412 ἶ

145 2430 406 2498 constituendum
432 2435 496 2515 est,
525 2451 606 2514 quos
633 2452 694 2496 nos
721 2435 756 2496 et
783 2431 893 2516 quales
920 2453 992 2498 esse
1013 2433 1157 2499 velimus
1172 2449 1201 2492 2⁵
1242 2497 1243 2516 ,

145 2520 235 2584 etin
258 2539 321 2603 quo
345 2537 463 2605 genere
484 2515 585 2602 vitae,
614 2539 698 2604 qnae
720 2519 912 2586 deliberatio
934 2524 986 2586 est
1008 2521 1160 2588 omniurn
1242 2569 1243 2580 η

145 2605 345 2672 difficillima.
371 2606 507 2672 Ineunte
521 2607 606 2672 euim
621 2607 848 2692 adulescentia,
862 2629 935 2674 curn
949 2612 1000 2674 est
1012 2609 1160 2675 maxima

144 2694 341 2761 inbecillitas
364 2695 501 2779 consilii,
522 2699 592 2761 tum
615 2696 650 2766 id
672 2695 736 2761 sibi
757 2697 893 2780 queisque
912 2715 1014 2782 genus
1032 2697 1157 2763 aetatis

145 2780 309 2870 degendae
336 2783 519 2868 constituit,
552 2783 638 2870 quod
664 2783 804 2850 maxims
831 2784 1010 2868 adamarit,
1041 2785 1158 2870 itaque

144 2875 220 2936 ante
243 2871 430 2957 implicatur
452 2872 562 2956 aliquo
586 2875 674 2938 certo
697 2891 816 2958 genere
838 2893 997 2957 cursuque
1014 2872 1158 2958 vivendi,
1173 2891 1201 2932 aa

94 2975 143 3024 118
159 2980 256 3043 quam
282 2960 403 3046 potnit,
435 2960 522 3043 quod
549 2959 709 3044 optimum
741 2963 839 3043 asset,
871 2960 1021 3026 iudicare.
1065 2959 1158 3027 Nam

144 3048 231 3132 quod
248 3045 422 3113 Herculem
439 3046 594 3114 Prodicus
617 3048 705 3132 dicit,
726 3051 765 3114 ut
786 3053 837 3113 est
855 3049 941 3134 apud
958 3047 1159 3134 Xenophon·

143 3139 225 3220 tem,
247 3157 320 3201 cnm
342 3135 484 3221 primurn
506 3136 710 3220 pubesceret,
732 3136 818 3220 quod
839 3140 969 3221 tempus
992 3159 1013 3202 a
1033 3141 1158 3203 natura

144 3223 185 3289 ad
208 3224 422 3308 deligendum,
445 3245 543 3308 quarn
562 3224 697 3310 quisque
714 3224 802 3289 siem
820 3224 949 3290 vivendi
967 3225 1012 3290 sit
1029 3225 1157 3310 ingres·

142 3311 378 3464 zurushidatum
396 3317 455 3397 est,
474 3311 595 3465 exlstulirr
595 3313 631 3377 in
645 3311 854 3466 soliitrlpdtipem
868 3316 966 3396 atque
981 3313 1029 3464 {ibi
1043 3313 1157 3378 seden-
1171 3329 1201 3374 su
1242 3309 1243 3316 ’

159 3418 211 3463 em
271 3417 510 3466 usecumnru
617 3421 658 3465 uo
702 3419 847 3466 ursae
886 3419 960 3465 cum
1005 3421 1156 3466 nascer-

142 3489 235 3552 neret
256 3483 337 3570 ries,
358 3508 457 3551 unam
479 3421 679 3573 Voluptlcis,
701 3489 839 3556 alteram
850 3449 1019 3572 ’viauia
1041 3491 1155 3555 utram
