2578 3950
356 185 760 252 rnooan.‚pnrrauoxou
774 188 794 242 1.
828 193 935 254 cr-e.
1090 171 1152 254 1'99

469 364 778 430 PARADOXON
800 363 825 430 I.

223 465 293 534 “Orc
316 466 423 552 μόνον
446 466 484 536 τὸ
509 468 613 536 καλὸν
635 467 780 554 ἀγαθόν.

208 608 340 693 Vereor,
363 633 403 678 ne
426 611 477 677 cui
500 617 644 678 vestrum
666 635 706 677 ex
724 611 963 678 Socraticorum
982 594 1188 718 hominum}

4 739 9 778 ‚
141 699 434 783 disputationibus,
463 721 530 766 non
562 723 600 765 ex
628 722 699 766 meo
728 722 825 766 sensu
852 701 1044 786 deprompta
1071 702 1150 767 haec

114 788 293 854 svidcatur
315 788 430 870 oratio,
453 788 573 871 dicam,
596 789 683 873 quod
705 790 824 871 sentio,
847 794 967 872 tamen,
990 795 1024 855 et
1046 790 1150 855 dicam

142 876 288 959 brevius,
312 898 410 960 quam
432 897 484 941 res
507 880 601 942 tanta
624 877 687 943 dici
709 881 827 962 potest.
872 875 1058 961 Numquam
1082 877 1151 942 her-

142 965 214 1030 cule
242 984 302 1049 ego
328 986 431 1048 neque
454 965 606 1049 pecunias
630 965 768 1030 istorum
789 986 893 1049 neque
916 970 1003 1030 tecta
1026 966 1150 1051 magni-

141 1053 204 1118 fica
235 1073 339 1136 neque
371 1073 448 1137 opes
481 1075 585 1136 nequa
617 1053 754 1138 imperia
789 1075 892 1138 nequa
929 1076 996 1137 eas,
1033 1054 1149 1137 quibus

143 1161 293 1206 maxume
320 1141 446 1206 astricti
473 1145 563 1225 sunt,
590 1142 776 1226 voluptates
799 1142 834 1206 in
855 1142 950 1207 bonis
974 1142 1069 1206 rebus
1094 1145 1151 1206 aut

103 1251 129 1291 ro
143 1227 330 1314 expetendis
353 1250 423 1294 esse
451 1228 539 1313 duxi,
567 1229 686 1314 quippe
713 1251 786 1294 cum
809 1229 951 1294 viderem
979 1230 1074 1295 rebus
1098 1230 1149 1294 his

142 1316 393 1383 circumfluentis
423 1338 462 1382 ea
493 1321 602 1382 tamen
634 1317 815 1382 desiderare
848 1318 1000 1401 maxime,
1033 1318 1149 1402 quibus

143 1405 354 1470 abundarent.
390 1402 502 1488 Neque
525 1404 610 1470 enim
634 1427 788 1489 umquam
812 1406 960 1489 expletur
978 1427 1036 1470 nec
1055 1406 1151 1470 satia·

142 1498 197 1558 tur
219 1493 407 1577 cupiditatis
430 1494 516 1577 sitis,
539 1514 642 1578 neque
666 1494 772 1558 solum
796 1515 834 1558 ea
856 1494 912 1578 qui
935 1493 1057 1558 habent
1080 1493 1150 1558 libi·

143 1582 216 1646 dine
244 1581 384 1667 augendi
410 1583 607 1664 cruciantur,
639 1582 695 1646 sed
728 1582 828 1647 etiam
855 1582 1026 1647 amittendi
1053 1586 1151 1646 metu.

104 1692 129 1733 rs
142 1669 183 1734 In
206 1691 269 1753 quo
293 1669 440 1752 equidem
463 1670 816 1736 continentissimorum
842 1669 1025 1753 hominum,
1053 1669 1185 1734 maio-r

125 1779 216 1824 rum
238 1761 440 1840 nostrorum,
467 1780 562 1843 saepe
585 1757 714 1842 requiro
743 1757 960 1842 prudentiam,
989 1758 1044 1842 qui
1071 1758 1151 1824 haec

142 1846 296 1912 inbecilla
324 1850 357 1910 et
383 1846 628 1913 commutabilia
661 1846 828 1931 [pecuniae
861 1847 1018 1926 membra]
1052 1846 1150 1912 verbo

143 1935 243 2000 bona
266 1937 462 2018 putaverunt
485 1934 693 2018 appellanda,
721 1956 793 2000 cum
817 1955 851 1999 rc
875 1956 912 1999 ac
934 1933 1029 1999 factis
1053 1934 1150 2019 longe

144 2023 239 2088 aliter
267 2022 504 2088 iudicavissent.
549 2021 705 2087 Potestne
732 2022 852 2087 bonum
882 2021 1032 2106 cuiquam
1064 2022 1150 2086 malo

103 2132 130 2172 ao
144 2133 224 2190 esse,
242 2115 299 2177 aut
317 2114 427 2195 potest
445 2111 616 2194 quisquam
634 2110 668 2175 in
687 2110 886 2176 abrmdantia
904 2110 1063 2176 bonorum
1081 2109 1150 2194 ipse

144 2221 303 2266 essenon
325 2199 451 2264 bonus?
488 2197 592 2282 Atqui
614 2199 678 2264 ista
702 2199 811 2264 omnia
833 2199 915 2264 talia
937 2198 1091 2282 videmus,
1114 2201 1151 2262 ut

94 2361 100 2370 ‚
143 2292 177 2352 et
198 2287 329 2372 inprobi
351 2286 494 2351 habeant
522 2291 555 2352 et
582 2287 691 2352 absint
717 2287 838 2372 probis.
884 2285 988 2362 Quam
1016 2287 1058 2352 ob
1082 2300 1185 2352 rems

144 2376 221 2441 licet
243 2375 395 2457 inrideat,
423 2375 450 2439 si
474 2375 530 2459 qui
553 2376 638 2458 vult,
661 2375 736 2459 plus
759 2376 845 2459 apud
868 2397 919 2441 me
942 2378 1052 2440 tamen
1075 2395 1152 2439 vera

143 2463 229 2529 ratio
253 2463 375 2529 valebit
398 2485 495 2547 quam
518 2463 609 2549 vulgi
632 2463 756 2547 opini0;
782 2485 885 2546 neque
914 2484 974 2549 ego
998 2484 1151 2546 umquam

102 2572 129 2613 aa
143 2553 231 2618 bona
253 2551 430 2636 perdidisse
449 2551 563 2633 dicam,
586 2551 705 2634 siquis
726 2571 821 2634 pecus
841 2555 898 2616 aut
917 2550 1151 2635 supellectilem

145 2640 304 2722 amiserit,
341 2661 399 2706 nec
431 2661 497 2704 non
529 2659 624 2722 saepe
656 2637 796 2703 laudabo
834 2638 1012 2723 sapientem
1048 2639 1152 2719 illum,

144 2727 309 2811 Biantem,
332 2731 369 2792 ut
392 2728 520 2812 opinor,
549 2727 604 2810 qui
626 2730 815 2791 numeratur
837 2726 872 2790 in
895 2730 1032 2810 septem3
1062 2725 1151 2789 cuius

145 2839 244 2900 quom
271 2815 413 2900 patriam
439 2814 591 2880 Prienam
618 2813 757 2898 cepisset
783 2813 888 2879 hostis
916 2813 1077 2895 ceterique
1104 2813 1153 2878 ita

143 2903 309 2990 fugerent,
340 2907 377 2970 ut
408 2904 512 2970 multa
545 2904 583 2967 de
610 2903 677 2966 suis
704 2902 800 2966 rebus
828 2904 1048 2986 asportarent,
1079 2923 1152 2965 cum

103 3012 131 3053 so
145 2991 473 3107 essetadmouitusa
492 2991 640 3091 quodam,
661 2995 698 3054 ut
715 2990 888 3090 idemuipse
906 2989 1036 3071 faceret,
1055 2987 1151 3073 ‘Ego
1283 3007 1284 3040 ὲ

143 3103 260 3234 tlt
292 3078 841 3234 tlllalttat:tttlt
858 3099 1010 3230 tttfl
1023 3080 1186 3247 ,tlte

144 3257 286 3342 putavit,
314 3277 397 3340 quac
424 3276 483 3322 nos
508 3255 710 3339 appellamus
734 3254 833 3320 ctiam
856 3255 949 3318 bona.
996 3249 1079 3327 Quid
1103 3256 1153 3316 est

144 3345 256 3430 igitur,
279 3347 413 3428 quaeret
436 3341 729 3427 aliquis,‚bonum?
776 3339 818 3426 si,
842 3342 927 3426 quod
950 3344 1036 3406 recte
1059 3340 1097 3404 fit
1120 3345 1153 3405 et

103 3450 131 3493 as
144 3433 280 3498 honeste
313 3437 347 3497 ct
378 3454 451 3499 cum
483 3431 618 3513 virtute,
650 3430 683 3494 id
714 3430 795 3495 bene
827 3430 897 3496 ficri
924 3451 998 3495 vere
1026 3428 1143 3494 dicitur

145 3521 231 3606 quod
248 3525 373 3588 rectum
392 3525 424 3585 et
443 3521 616 3585 honestum
636 3523 668 3584 et
688 3540 759 3584 cum
778 3518 899 3584 virtute
917 3521 976 3602 est,
994 3517 1028 3581 id
1046 3517 1112 3581 solu
