2504 3950
162 210 205 276 86
553 204 603 260 DE
621 204 772 262 osslcsss

161 372 259 457 cipes,
275 392 349 438 cum
367 369 484 453 quibus
502 388 617 434 causas
635 366 789 452 cognovit
807 369 975 447 eteorum,
991 363 1048 448 qui
1063 363 1176 428 'aliena

161 459 331 542 tenebant,
362 461 546 540 eteorum,
578 454 720 538 quisue
748 454 938 536 amiserant,
969 451 1176 536 perfecitque

162 545 383 613 aestumandis
408 543 681 629 possessionibus,
711 545 751 607 ut
775 541 985 627 persuadmet
1012 539 1102 623 eliis,
1135 544 1176 605 ut

161 635 331 721 pecuniam
362 633 505 718 accipere
536 631 686 712 mallent,
720 629 980 715 possessionibus
1011 627 1176 710 oederent,

162 723 246 806 aliis,
262 726 301 788 ut
318 720 518 788 commodius
535 721 690 805 putarent
706 717 872 784 numerari
889 716 962 800 sibi,
979 716 1068 800 quod
1085 718 1177 782 tanti
1203 736 1215 775 ι

162 815 262 895 esset,
290 832 389 895 quam
410 830 505 874 suum
526 827 724 891 recuperare.
768 804 821 872 Its
843 804 1023 890 perfectum
1046 809 1113 888 ost,
1136 811 1178 870 ut

161 920 274 966 omnes
297 896 468 964 concordia
490 895 670 961 constituta
694 894 764 960 siue
791 892 939 978 querella
960 892 1176 958 discederent.

108 1002 143 1052 83
162 987 190 1053 Ο
207 987 314 1051 virum
332 1005 490 1071 magnum
506 983 713 1068 dignumque,
731 981 787 1067 qui
804 983 840 1047 in
856 1003 893 1046 re
909 981 1043 1066 publica
1056 986 1177 1046 nostra

160 1077 260 1140 nctus
283 1074 384 1138 esset!
429 1069 483 1137 sic
504 1093 565 1157 per
588 1075 638 1136 est
660 1091 757 1156 egere
779 1091 853 1136 cum
876 1069 1013 1152 civibus,
1035 1090 1112 1152 non,
1135 1073 1177 1135 ut

161 1162 215 1227 bis
230 1162 298 1229 iam
315 1161 463 1243 vidimus,
479 1159 611 1226 hastam
628 1159 664 1224 in
679 1157 752 1224 foro
770 1178 890 1242 ponere
904 1162 939 1223 et
950 1159 1038 1223 bona
1051 1157 1176 1223 civium
1192 1177 1215 1216 ιι

161 1249 235 1316 voni
256 1249 401 1316 subicere
419 1247 595 1333 praeconis.
629 1246 677 1311 Ae
694 1247 750 1312 ille
769 1245 920 1330 Graecus,
942 1245 976 1310 id
998 1245 1086 1330 quod
1108 1244 1178 1312 fuit

161 1338 319 1424 sapientis
338 1342 371 1403 et
390 1336 588 1423 praestantis
606 1335 678 1419 viri,
700 1334 850 1403 omnibus
869 1332 1101 1400 consulendum
1115 1355 1177 1419 pu·

161 1427 259 1506 tavit,
287 1445 389 1510 esque
411 1428 462 1491 est
485 1446 613 1491 summa
634 1422 720 1488 ratio
741 1428 775 1488 et
797 1423 959 1508 sapientia
979 1422 1059 1488 boni
1081 1422 1177 1507 civis,

162 1514 332 1582 commode
349 1513 472 1579 ‚civium
492 1533 558 1578 non
581 1511 733 1576 divellere
756 1515 856 1595 atque
877 1511 981 1576 omnis
1005 1511 1176 1595 aequitate

162 1603 274 1668 eedem
304 1600 478 1667 continere.
526 1597 686 1666 Habitent
717 1599 821 1685 gratis
852 1599 888 1664 in
919 1599 1033 1665 alieno.
1087 1597 1177 1674 Quid
1191 1616 1214 1657 1⁵

160 1690 231 1756 ita?
249 1691 296 1768 ut,
313 1709 386 1754 oum
400 1708 463 1774 ego
476 1686 620 1770 emerim,
632 1685 838 1772 aedificarim,
856 1692 960 1772 tuear,
974 1686 1177 1772 impendam,

160 1780 199 1842 tu
226 1798 277 1842 me
304 1775 409 1842 invito
436 1773 547 1841 fruare
574 1775 670 1842 meo?
714 1773 799 1850 Quid
826 1779 876 1840 est
902 1774 991 1842 eliud
1014 1773 1087 1840 aliis
1113 1795 1176 1841 sua

108 1878 143 1928 84
161 1865 300 1951 eripere,
322 1863 397 1930 eliis
421 1863 497 1931 ders
520 1863 651 1930 eliens?
697 1862 843 1928 Tabulae
864 1885 941 1929 vero
964 1885 1068 1928 novae
1093 1865 1176 1950 quid

160 1953 283 2020 habent
306 1951 499 2039 argumenti,
521 1951 585 2018 nisi
606 1954 644 2017 ut
667 1973 755 2018 emes
778 1973 851 2017 mes
871 1952 1008 2036 pecunia
1024 1950 1175 2037 fundum,

108 2041 153 2106 24
161 2064 235 2108 eum
257 2046 296 2108 tu
316 2041 453 2124 habeas,
481 2060 542 2125 ego
568 2060 635 2106 non
660 2039 800 2106 habeam
826 2040 1018 2125 pecuniam?
1064 2039 1174 2116 Quem
1189 2059 1213 2099 ιι

161 2131 203 2195 ob
226 2151 298 2194 rem
319 2151 360 2194 ne
383 2129 429 2193 sit
449 2149 504 2194 aes
527 2127 679 2210 alienum,
701 2128 788 2213 quod
809 2128 857 2193 rei
878 2129 1027 2214 publicae
1044 2133 1176 2212 noceat,

159 2216 471 2302 providendum'est,
490 2214 576 2299 quod
594 2216 708 2282 multis
725 2216 907 2282 rationibus
925 2217 1033 2282 caveri
1050 2221 1174 2301 potest,

159 2325 240 2388 non,
261 2303 424 2387 siluerit,
451 2305 489 2368 ut
511 2301 693 2388 locupletes
714 2325 808 2370 suum
830 2304 982 2390 perdant,
1006 2304 1172 2372 debitores

160 2393 325 2460 lucrentur
344 2390 499 2472 alienum
521 2411 580 2456 nec
598 2391 685 2459 enim
701 2393 771 2458 ulla
788 2414 840 2458 res
858 2393 1081 2459 vehementius
1100 2415 1172 2458 rem

159 2479 325 2564 publicam
347 2478 494 2544 eontinet
514 2500 613 2562 quam
634 2479 725 2563 fidos,
746 2503 829 2564 quae
852 2502 923 2546 esse
939 2481 1032 2546 nulle
1049 2485 1173 2566 potest,
1186 2499 1211 2540 re

159 2567 225 2634 nisi
246 2567 311 2632 erit
330 2566 512 2632 necessaris
535 2566 656 2634 solutio
682 2590 792 2634 rerum
819 2569 1023 2634 creditarum.
1069 2567 1172 2635 Num·
1249 2599 1250 2651 ι

160 2677 260 2740 quum
285 2654 507 2742 pehemeutius
534 2657 645 2722 actum
672 2661 723 2722 est
750 2679 847 2743 quam
874 2678 926 2722 me
952 2657 1099 2741 consule,
1127 2679 1172 2722 ne

160 2744 355 2827 salvarolum
376 2743 476 2809 armis
498 2746 533 2810 st
555 2745 671 2811 cestris
694 2748 856 2830 temptata
878 2766 929 2809 res
948 2749 999 2810 est
1017 2745 1059 2811 ab
1081 2747 1173 2810 omni

159 2853 277 2918 genere
298 2831 467 2898 hominum
489 2835 525 2896 et
546 2832 672 2916 ordine;
695 2833 811 2917 quibus
833 2833 883 2898 ita
904 2834 1025 2916 restiti,
1047 2837 1085 2898 ut
1108 2834 1172 2899 hoc

159 2923 268 2986 totum
298 2921 422 2986 molum
453 2920 492 2986 de
523 2941 559 2986 re
590 2921 721 3006 publica
751 2921 931 2987 tolleretur.
980 2921 1172 3007 Numquam
1185 2937 1210 2978 ιι
1248 2977 1249 2984 ,

158 3028 218 3074 nec
245 3008 350 3076 maius
378 3030 432 3078 ees
460 3008 602 3076 alienum
628 3009 692 3076 fuit
718 3030 777 3075 nec
808 3010 924 3075 melius
952 3031 1011 3076 nec
1038 3009 1171 3078 facilius

159 3096 355 3168 dissolutum
376 3101 442 3180 est3
468 3095 640 3164 fraudandi
666 3098 753 3164 enim
780 3119 838 3182 sps
865 3099 996 3164 sublata
1022 3097 1172 3164 solvendi

157 3185 335 3252 necessitas
367 3187 541 3252 consecute
573 3189 634 3252 est.
681 3184 729 3252 Αι
759 3207 837 3252 vero
864 3186 917 3252 hio
943 3208 1029 3252 nunc
1055 3186 1171 3270 victor,

158 3274 230 3338 tum
256 3272 387 3356 quidem
412 3274 519 3339 victus
551 3295 633 3358 quae
655 3274 832 3360 cogitaret,
859 3295 898 3340 ea
919 3274 1068 3360 perfecit,
1095 3296 1171 3340 cum
1247 3343 1248 3346 ,

159 3358 313 3429 siusium
329 3359 412 3426 nihil
430 3361 612 3428 interesset.
648 3360 754 3428 'Pente
771 3362 806 3428 iu
829 3383 867 3428 eo
890 3362 1043 3449 peccandi
1067 3361 1171 3429 libido
1187 3377 1211 3420 ³⁵

157 3443 235 3530 fuit,
261 3450 298 3514 ut
319 3446 383 3513 hoc
408 3449 517 3534 ipsum
544 3471 619 3515 cum
646 3448 836 3534 delectaret,
864 3473 1012 3535 peccare,
1039 3451 1173 3518 etiamsi

105 3546 140 3600 ss
157 3555 257 3600 cauea
282 3554 350 3600 non
377 3539 471 3601 esset.
516 3535 570 3603 Ab
596 3537 660 3604 hoc
689 3538 791 3624 igitur
822 3559 941 3625 genere
971 3538 1173 3625 largitionis,
