2578 3950
391 167 466 223 cAP.
483 176 599 242 ¹1o—re.
636 176 784 236 §so-oe.
1029 176 1092 252 153

105 329 230 414 eorporis
253 334 466 415 ornatumque
488 329 654 396 Persicum
676 332 781 396 multo
810 355 888 400 auro
916 334 1092 418 multisque

103 418 222 504 gemmis
258 417 389 484 dixisse:
432 417 536 482 ‘Rite
572 440 663 484 vero
699 423 751 503 te,
788 417 898 506 Cyre,
936 422 1092 488 beatum

102 505 228 588 ferunt,
247 507 428 590 quoniam
445 506 588 572 virtuti
606 510 695 570 tuae
713 505 873 574 fortuna
886 509 1108 576 coniuncta

102 592 167 658 est'
200 591 270 660 Hae
292 593 395 679 igitur
416 593 550 663 fortuna
572 593 637 658 frui
660 594 737 660 lieet
758 595 898 679 senibus,
919 619 978 663 nee
1001 603 1091 663 aetas
1111 615 1145 666 oo

83 681 233 766 oinpedit,
257 703 321 766 quo
344 681 452 746 minus
475 685 509 746 et
531 685 712 749 ceterarum
735 703 844 748 rerum
866 689 900 750 et
921 685 956 748 in
978 687 1092 769 primis

102 769 159 853 agri
180 769 303 836 colendi
327 769 435 852 studia
457 773 625 844 teneamus
648 792 751 853 usque
773 771 815 836 ad
837 772 989 844 ultimum
1014 776 1093 851 tem,-

100 878 149 940 pus
166 857 347 924 senectutis.
378 857 422 922 M.
441 857 571 940 quidem
589 857 758 924 Valerium
777 857 954 925 Corvinum
972 861 1093 945 aceepi-

101 966 158 1009 nus
176 946 215 1010 ad
233 945 444 1011 centesimum
463 967 585 1010 annum
602 946 801 1030 perduxisse,
823 970 897 1014 eum
916 952 1002 1012 esset
1019 953 1094 1014 aeta

100 1032 152 1096 iam
168 1037 274 1098 aetate
292 1033 328 1096 in
346 1033 435 1118 agris
455 1054 573 1117 eosque
585 1035 726 1117 ‘coleret3
744 1035 834 1100 euius
847 1035 933 1100 inter
951 1036 1093 1120 primum

74 1124 267 1186 uersuum
291 1122 495 1187 consulatum
519 1143 576 1186 sex
598 1125 632 1187 et
654 1123 871 1208 quadraginta
894 1125 970 1188 anni
995 1124 1093 1190 inter-

99 1205 219 1274 fuerunt.
266 1208 332 1293 Ita,
364 1212 523 1292 quantum
555 1209 699 1294 spatium
730 1211 848 1275 aetatis
881 1211 1020 1278 maiores
1052 1213 1094 1278 ad

100 1297 257 1362 senectutis
285 1296 417 1362 initium
446 1318 517 1362 esse
543 1299 730 1381 voluerunt,
762 1302 873 1364 tentus
900 1299 952 1363 illi
980 1321 1092 1365 cursus

99 1381 241 1450 honorum
259 1384 337 1468 fuit3
360 1388 457 1470 atque
479 1385 575 1450 huius
599 1388 744 1450 extrema
766 1390 857 1451 aetas
880 1386 941 1451 hoo
966 1388 1093 1453 beatior

100 1493 181 1554 quom
202 1473 324 1556 media,
351 1473 438 1557 quod
461 1473 666 1552 auctoritatis
689 1473 833 1538 habebat
854 1473 943 1558 plus,
970 1474 1093 1540 laboris

73 1560 200 1644 ¹⁵ninus3
227 1583 312 1646 apex
334 1565 385 1626 est
408 1565 516 1627 autem
540 1561 714 1626 senectutis
737 1563 923 1640 auotoritas.
965 1560 1094 1638 Quanta
1111 1579 1145 1628 ol

99 1645 148 1710 fuit
167 1647 200 1712 in
220 1649 258 1714 L.
283 1647 423 1714 Caecilio
447 1649 590 1733 Metello,
613 1654 736 1733 quanta
757 1650 792 1714 in
813 1651 854 1715 A.
872 1650 977 1715 Atilio
1001 1649 1093 1716 Cala·

98 1734 165 1799 tino!
182 1736 216 1802 in
234 1758 333 1822 quem
351 1737 434 1801 illud
452 1737 608 1823 elogium:
627 1737 751 1802 ‘Hune
769 1737 883 1803 unum
901 1737 1093 1823 plurimae

99 1825 333 1890 consentiunt
365 1827 502 1910 gentes
533 1824 670 1910 populi
707 1825 934 1908 primarium
970 1825 1093 1894 fuisse

98 1910 222 1978 virum?
257 1911 383 1978 Notum
402 1917 453 1978 est
471 1934 601 1978 carmen
619 1911 757 1979 inuisum
774 1912 810 1978 in
831 1914 986 1996 sepulcro.
1018 1913 1093 1978 Iure

73 1995 183 2082 sigitur
205 2000 332 2086 gravis,
360 2000 450 2066 euius
479 2001 517 2064 de
545 1999 696 2066 laudibus
724 1999 868 2064 omnium
896 2004 982 2064 esset
1003 1999 1093 2066 fama

100 2089 297 2153 consentiens.
338 2086 440 2164 Quem
463 2088 570 2155 virum
592 2110 696 2172 nuper
718 2086 755 2152 P.
778 2085 941 2170 Crassum,
964 2089 1093 2171 pontifi·

100 2192 154 2238 oem
171 2176 357 2259 maximum,
376 2198 473 2260 quem
490 2179 605 2260 postea
618 2175 661 2241 M.
674 2175 841 2261 Lepidum,
860 2176 973 2242 eodem
991 2198 1094 2242 saeer-

100 2259 172 2327 dotio
198 2264 398 2348 praeditum,
424 2264 576 2329 vidimusi
623 2263 707 2340 Quid
735 2264 774 2330 de
796 2263 899 2329 Paulo
928 2267 985 2330 aut
1008 2264 1094 2330 Afri-

100 2368 164 2413 cano
189 2352 308 2435 loquar
331 2355 401 2435 aut,
427 2354 465 2416 ut
487 2352 554 2416 iam
577 2355 667 2435 ante,
694 2352 733 2417 de
759 2351 926 2419 Maximo?
956 2373 1094 2435 quorum

73 2446 151 2500 ²⁵non
170 2438 204 2504 in
227 2439 392 2504 sententia
415 2439 534 2523 solum,
564 2440 620 2504 sed
648 2439 748 2504 etiam
769 2439 804 2503 in
825 2443 908 2504 nutu
930 2439 1093 2506 residebat

100 2526 271 2592 auctoritas.
314 2525 426 2592 Habet
448 2530 595 2593 seneetus
620 2527 783 2604 honorata
804 2527 998 2611 praesertim
1023 2531 1094 2592 tan·

99 2611 153 2676 tan
174 2613 418 2697 auctoritatem,
444 2617 482 2678 ut
509 2635 548 2679 ea
569 2615 674 2698 piuris
697 2615 742 2680 sit
766 2633 861 2693 qoam
884 2636 996 2680 omnes
1019 2615 1095 2680 adu·

99 2695 258 2766 lescentiae
280 2702 475 2786 voluptates.
521 2699 584 2766 Sed
609 2703 645 2766 in
666 2704 756 2767 omni
778 2701 925 2766 oratione
954 2680 1146 2804 momen-15}

99 2786 155 2852 tote
180 2811 254 2854 eam
280 2811 332 2854 me
361 2792 558 2854 senectutem
586 2789 732 2872 laudare,
765 2809 847 2872 quae
874 2787 1093 2854 fundamentis

73 2873 322 2943 ”adulescentiae
340 2875 520 2942 constitute
538 2877 590 2942 sit.
625 2877 676 2942 Ex
694 2897 757 2960 quo
781 2875 929 2959 efficitur,
951 2876 985 2940 id
1008 2877 1094 2960 quod

99 2980 148 3046 ego
169 2986 289 3050 magno
314 2963 477 3050 quondam
495 2987 568 3032 enm
586 2985 720 3031 assensu
739 2963 883 3031 omnium
902 2964 978 3047 dixi,
1000 2965 1094 3030 mise

99 3068 157 3116 ram
187 3075 258 3118 esse
291 3056 503 3136 senectutem,
540 3073 622 3136 quae
656 3074 690 3116 se
722 3052 869 3117 oratione
901 3051 1094 3117 defenderet.

99 3131 162 3202 Non
191 3140 264 3206 oeni
294 3163 353 3206 neo
384 3161 485 3226 rugae
519 3144 651 3224 repente
688 3139 916 3206 auctoritatem
952 3139 1094 3223 arripere

99 3232 232 3312 possunt,
255 3229 311 3294 sed
333 3229 468 3295 honeste
492 3232 566 3294 aeta
589 3227 735 3313 superior
755 3230 845 3292 aetas
863 3225 988 3292 fruetus
1007 3226 1094 3311 oepit

72 3316 291 3382 ³⁵aootoritatis
320 3320 491 3382 extremos.
534 3315 624 3382 Haeo
652 3315 737 3385 enim
764 3315 838 3399 ipsa
860 3319 935 3380 sunt
958 3315 1096 3380 honoru-
1114 3329 1146 3378 aa

99 3396 181 3486 bilia,
208 3426 289 3489 quae
316 3404 466 3470 videntur
493 3403 578 3470 levia
601 3406 698 3488 etque
726 3403 921 3486 eommunia,
949 3403 1095 3485 salutari,

101 3487 212 3575 adpeti,
240 3492 361 3577 decedi,
384 3492 531 3577 adsurgi,
554 3492 680 3576 deduci,
702 3491 823 3575 reduoi,
847 3491 985 3574 oonsuli;
1013 3510 1094 3573 quae
