2518 3946
318 196 387 252 ΗΒ.
407 197 427 250 Ι.
467 195 542 251 οΑΡ.
562 203 606 267 44,
625 203 667 252 45.
705 203 720 264 s
740 203 886 253 157-161.
1064 199 1107 263 55

101 357 185 442 quod
215 361 368 423 teneatur
404 357 572 424 hominum
609 359 771 424 societate.
822 359 966 439 [Etenim
1000 360 1108 446 cogni·

99 447 222 512 tionem
244 445 514 532 prudentiamque
538 450 691 530 sequetur
713 446 916 513 considerata
939 449 1037 532 aoti03
1060 449 1108 513 ita

97 535 143 617 fit,
165 537 205 598 ut
229 555 328 620 agere
351 534 553 600 considerate
570 535 674 619 pluris
693 535 737 599 sit
756 556 853 618 quam
871 536 1016 622 cogitare
1034 558 1108 621 pru-

98 621 233 702 dentem]
290 621 399 706 Atque
436 622 516 689 haee
548 622 678 706 quidem
707 623 872 688 haetenus.
921 623 1107 689 Patefactus

76 710 184 774 senim
207 710 300 775 loeus
324 714 374 774 est
395 709 475 794 ipse,
497 714 623 775 utnon
646 709 776 775 difficile
800 711 843 774 sit
860 711 896 775 in
914 713 1107 795 exquirendo

99 797 216 881 officio,
241 796 319 881 quid
340 798 454 882 auique
473 798 517 862 sit
534 798 804 883 praeponendum,
827 799 943 863 videre.
980 798 1020 862 In
1036 799 1108 882 ipsa

99 889 209 950 autem
228 886 462 950 communitate
481 889 556 950 sunt
574 886 694 971 gradus
714 885 902 969 officiorum,
925 909 963 951 ex
982 887 1108 970 quibus,

100 974 175 1057 quid
204 973 320 1056 ouique
347 977 504 1058 praestet,
535 972 684 1058 intellegi
710 975 828 1060 possit,
860 978 897 1039 ut
924 974 1031 1060 prima
1059 974 1107 1038 dis

98 1061 340 1144 inmortalibus,
364 1061 502 1128 secunda
523 1062 658 1146 patriae,
681 1063 780 1127 tertia
801 1063 999 1146 parentibus,
1022 1061 1108 1127 dein-

67 1167 173 1235 1⁰ceps
203 1148 368 1235 gradatim
395 1147 528 1233 reliquis
557 1149 742 1214 debeantur.
788 1149 910 1225 Quibus
936 1172 975 1215 sx
997 1151 1094 1215 rebus
1110 1161 1184 1214 161‘

99 1237 245 1302 breviter
272 1237 448 1322 disputetis
474 1237 624 1324 intellegi
647 1240 759 1320 potest
779 1259 846 1302 non
869 1239 974 1302 solum
995 1237 1029 1301 id
1051 1236 1108 1302 ho-

100 1325 202 1390 mines
227 1325 333 1389 solere
357 1325 519 1408 dubitare,
546 1326 760 1389 honestumne
784 1347 826 1389 an
848 1329 942 1408 turpe
966 1325 1022 1407 sit,
1052 1325 1109 1389 sed

99 1414 199 1479 etiam
222 1412 350 1477 duobus
372 1412 549 1497 propositis
572 1413 718 1489 honestis
741 1416 851 1476 utrum
868 1411 1036 1477 honestius
1055 1412 1107 1475 sit.

98 1501 160 1566 Hie
178 1502 272 1578 loeus
292 1523 312 1564 a
329 1498 484 1564 Panaetio
504 1504 563 1583 est,
585 1504 622 1565 ut
642 1521 740 1586 supra
759 1500 833 1585 dixi,
851 1499 1107 1585 praetermissus.

64 1587 161 1653 1⁵Sed
183 1590 252 1654 iam
277 1587 318 1652 ad
340 1588 466 1673 reliqua
487 1609 671 1674 pergamus.
