2578 3950
501 189 549 258 lll,
568 188 615 245 lv.
652 196 667 256 §
687 197 800 246 22-27.
1082 193 1147 258 205

137 371 221 434 quae
248 349 363 432 eniqne
391 353 522 434 peooato
550 372 655 435 poena
682 352 738 435 sit,
769 352 824 418 sed
852 357 1010 437 quantum
1032 353 1146 438 cuique

137 438 245 520 lioeat,
268 440 416 522 spectare
435 438 601 522 debemus3
625 439 777 524 quiequid
794 462 860 506 non
881 447 1019 528 oportet,
1043 443 1147 508 scelus

138 546 218 607 esse,
233 525 386 609 quioquid
399 547 466 590 non
479 525 564 607 lieet,
578 527 669 592 nefas
683 532 798 614 putare
811 530 973 596 debemus.
995 530 1147 598 Etiamne

137 613 172 678 in
200 613 342 678 minimis
374 613 493 679 rebus?
538 613 663 699 Etiam,
695 617 853 700 siquidem
880 640 988 684 rerum
1017 619 1146 686 modum

109 702 238 786 sfigere
261 721 326 766 non
348 723 530 786 possumus,
553 703 735 770 animorum
759 705 889 772 modum
909 711 1018 772 tenere
1035 728 1147 792 possu-

138 811 218 856 mus.
263 789 391 856 Histrio
424 791 452 855 si
483 792 617 876 paulum
650 814 685 858 se
716 794 820 859 movit
848 798 940 860 extra
968 817 1147 879 numerum,
1165 815 1199 863 eo

138 881 195 942 aut
228 878 257 942 si
283 899 396 944 versus
429 880 658 963 pronuntiatus
694 886 745 946 est
773 883 900 966 syllaba
927 905 992 948 una
1020 885 1148 949 brevior

137 969 195 1031 aut
217 966 360 1052 longior,
383 967 587 1053 exsibilatur,
615 969 812 1054 exploditur3
839 971 873 1036 in
896 971 964 1036 vita
987 975 1037 1055 tu,
1065 993 1147 1056 quae

138 1055 227 1120 omni
251 1059 346 1140 gestu
369 1056 574 1140 moderatior,
597 1058 686 1124 omni
708 1080 805 1124 versu
828 1059 935 1144 aptior
954 1081 1024 1124 esse
1043 1060 1147 1144 debet,

97 1163 123 1202 ro
137 1142 172 1206 in
199 1143 328 1226 syllaba
356 1147 389 1208 te
416 1165 566 1229 peooasse
594 1146 702 1212 dices?
747 1146 883 1213 Poetam
906 1169 972 1212 non
995 1148 1090 1213 audio
1112 1149 1145 1213 in

136 1231 247 1317 nugis3
269 1232 304 1296 in
326 1231 413 1298 vitae
436 1233 591 1299 societate
614 1234 744 1300 audiam
763 1235 866 1300 civem
884 1235 996 1320 digitis
1014 1241 1147 1322 peecata
1278 1285 1285 1298 .

137 1318 359 1385 dimetientem
382 1321 463 1386 sua?
509 1318 543 1386 Si
566 1321 625 1405 via,
648 1344 726 1388 sane
749 1323 816 1388 sint
838 1323 1001 1407 breviora,
1024 1325 1146 1390 leviora

138 1408 193 1491 qui
220 1413 358 1493 possunt
386 1408 508 1474 videri?
540 1431 626 1494 eum,
655 1410 806 1494 quiequid
832 1415 996 1496 peooetur,
1022 1417 1146 1496 pertar-

136 1495 270 1562 batione
300 1501 452 1581 peoeetur
483 1497 619 1564 rationis
652 1503 749 1582 atque
784 1499 920 1582 ordinis,
955 1500 1147 1584 perturbata

95 1602 123 1644 is
138 1589 247 1650 autem
270 1584 370 1652 semel
393 1585 519 1652 ratione
542 1591 576 1652 et
597 1587 709 1652 ordine
731 1587 814 1654 nihil
837 1588 943 1673 possit
965 1587 1053 1674 addi,
1082 1611 1146 1673 quo

138 1673 244 1759 magis
266 1673 393 1758 peceati
415 1695 511 1759 posse
534 1673 690 1740 videa-tur.

450 1954 757 2022 PARADOXON
780 1954 837 2022 IV.

218 2055 288 2125 “Ore
310 2061 374 2138 πᾶς
396 2055 516 2146 ἄφρων
538 2065 697 2145 μαίνεται.

204 2200 276 2287 Ego
296 2223 371 2268 vero
390 2205 429 2267 te
440 2223 508 2269 non
525 2204 673 2288 stultum,
696 2207 733 2269 ut
751 2225 855 2289 saepe,
878 2225 946 2270 non
963 2204 1145 2291 inprobum,
1164 2187 1198 2310 {7

96 2293 175 2356 eout
197 2311 338 2374 semper,
361 2289 417 2355 sed
441 2290 622 2357 dementem
646 2343 653 2356 .
675 2343 682 2356 .
707 2343 714 2356 .
738 2343 744 2357 .

138 2517 146 2532 .
165 2514 173 2531 .
192 2517 199 2532 .
220 2515 227 2530 .
248 2467 345 2532 rebus
369 2466 411 2531 ad
433 2466 555 2532 vietum
572 2467 762 2533 necessariis
781 2488 851 2532 esse
870 2466 1009 2533 invictus
1027 2471 1145 2553 potest.

138 2551 301 2639 Sapientis
315 2554 441 2620 animus
456 2554 678 2639 magnitudine
692 2553 827 2638 consilii,
849 2555 1024 2620 tolerantia
1038 2578 1145 2622 rernm

137 2643 361 2725 humanarum,
379 2643 619 2726 contemptione
637 2641 797 2724 fortunae,
814 2642 991 2708 virtutibus
1011 2643 1145 2727 denique

1 2799 2 2804 ἵ
95 2749 123 2791 ao
138 2731 288 2797 omnibus
306 2735 344 2796 ut
361 2730 530 2796 moenibus
545 2734 676 2815 saeptus
691 2730 836 2796 vincetur
851 2733 884 2794 et
897 2730 1146 2814 expugnabitur,

1 2844 2 2871 l
137 2819 194 2903 qui
220 2841 260 2883 ne
288 2819 421 2886 civitate
445 2818 573 2903 quidem
596 2818 676 2904 pelli
698 2818 829 2902 potest?
874 2816 963 2892 Quae
986 2822 1037 2882 est
1060 2818 1145 2883 enim

137 2907 274 2972 civitas?
318 2907 464 2973 omnisne
488 2911 664 2973 conventus
687 2907 787 2972 etiam
809 2905 951 2972 ferorum
975 2910 1008 2970 et
1032 2905 1145 2972 imma-

136 2993 248 3061 nium?
276 2995 423 3062 omnisne
451 2995 550 3062 etiam
577 2995 791 3082 fugitivorum
820 3016 857 3061 ao
884 2995 1049 3059 latronum
1072 3017 1145 3060 oon·

137 3087 275 3169 gregata
301 3105 402 3149 unum
429 3083 463 3147 in
493 3085 600 3149 loeum
633 3082 830 3148 multitudo?
876 3081 972 3148 Certe
999 3083 1144 3167 negabis.

94 3190 123 3231 ³0
136 3170 213 3238 Non
243 3171 346 3257 igitur
378 3176 449 3238 erat
475 3171 535 3237 illa
566 3177 636 3238 tum
668 3172 796 3254 civitas,
828 3193 901 3238 oum
929 3171 1019 3257 leges
1045 3170 1080 3236 in
1108 3191 1146 3235 ea

135 3259 219 3326 nibil
241 3260 405 3342 valebant,
428 3281 501 3326 oum
519 3261 636 3326 iudicia
654 3260 814 3336 iacebant,
836 3281 909 3324 oum
928 3280 999 3324 mos
1018 3258 1145 3344 patrius

136 3347 306 3430 occiderat,
321 3370 394 3414 oum
408 3347 494 3413 ferro
507 3349 610 3434 pulsis
626 3347 874 3434 magistratibus
886 3352 1017 3413 renatus
1027 3369 1144 3414 nomen

134 3435 170 3500 in
192 3457 227 3502 re
250 3436 382 3521 publiea
404 3457 470 3501 non
492 3442 578 3522 erat;
613 3437 811 3521 praedonum
837 3436 893 3501 ille
916 3456 1089 3502 oonoursus
1113 3457 1130 3499 e

134 3528 168 3590 te
196 3524 274 3592 duee
302 3523 509 3592 latrocinium
536 3526 571 3590 in
596 3525 668 3591 foro
695 3525 908 3590 constitutum
932 3529 965 3590 et
987 3523 1130 3608 reliquia
