2578 3950
143 162 207 228 208
550 153 753 210 Pronnoxn

143 327 194 390 est
216 322 302 387 enim
325 317 484 386 libertos?
529 315 858 418 Poteras-vivendi,
876 319 913 416 ut
935 315 1027 416 velis.
1073 313 1155 390 Quis

142 407 808 581 zthtt‘ottlhthttltl
817 403 1157 577 lttlp‘ltrtlt?

145 587 201 673 qui
222 607 264 651 ne
286 585 414 671 legibus
437 583 567 668 quidem
589 584 724 666 propter
747 584 870 646 metum
892 583 996 664 paret,
1020 579 1077 644 sed
1100 601 1156 646 oue

145 675 292 760 sequitur
310 678 343 739 et
361 672 448 756 oolit,
469 670 545 754 quie
563 670 597 734 id
614 669 759 734 salutare
777 691 849 734 osso
866 667 1007 733 maxime
1024 667 1156 751 iudicat,
1184 685 1198 727 ⁵

146 764 202 848 qui
223 763 306 828 nihil
329 761 421 842 dioit,
446 757 647 841 nihilfecit,
672 756 756 822 nihil
784 757 910 842 cogitat
932 755 1069 840 denique
1092 755 1157 821 nisi

145 852 295 918 lubenter
317 871 355 915 eo
377 849 488 930 libere,
510 846 601 912 ouius
619 845 728 910 omnia
746 845 882 912 oonsilio
900 865 1015 930 resque
1034 865 1156 927 omnes,

147 961 227 1024 ques
251 937 351 1023 gerit,
377 937 418 1002 ab
445 935 518 1020 ipso
545 934 794 1019 proficiscuntur
817 933 993 1017 eodemque
1015 931 1157 998 referum·

145 1031 213 1110 tur,
244 1047 303 1091 neo
335 1029 386 1090 est
412 1023 481 1090 ullo
508 1044 573 1106 rer,
606 1043 688 1106 quae
714 1023 790 1107 plus
818 1022 903 1107 opnd
930 1042 1005 1086 eum
1032 1021 1157 1106 polleat

147 1137 245 1200 quom
276 1113 379 1198 ipsius
410 1112 563 1178 voluntas
601 1114 698 1194 atque
734 1110 901 1192 iudicium3
937 1109 990 1175 oni
1026 1108 1157 1193 quidem
1172 1126 1200 1168 ro

146 1202 258 1285 etiem,
291 1223 373 1286 quae
404 1201 471 1266 vim
496 1199 616 1264 habere
644 1198 820 1264 maximam
848 1197 979 1282 dieitur,
1010 1195 1156 1263 Fortuna

145 1292 219 1376 ipse
236 1289 331 1369 cedit,
349 1290 386 1373 si,
403 1293 441 1353 ut
459 1288 587 1373 sepiens
606 1291 704 1372 poeta
724 1287 819 1370 dixit,
842 1285 936 1352 ‘suis
960 1307 1003 1352 ee
1020 1285 1157 1370 cuique

146 1379 316 1464 fingitur
347 1375 540 1442 moribus?
591 1373 660 1440 Soli
688 1375 790 1460 igitur
820 1375 883 1440 hoo
914 1373 1076 1460 contingit
1108 1395 1157 1440 ea·

146 1468 259 1552 pienti,
281 1471 319 1532 ut
341 1465 423 1532 nihil
445 1463 545 1530 leoint
567 1463 698 1547 invitus,
720 1463 803 1528 nihil
822 1462 944 1545 dolens,
965 1462 1048 1527 nihil
1067 1483 1157 1528 eoae·

94 1572 128 1622 35
147 1558 210 1620 tus.
255 1552 347 1629 Quod
369 1553 433 1618 etsi
454 1552 502 1616 ita
525 1572 596 1616 esse
622 1551 772 1635 pluribus
799 1551 906 1616 verbis
935 1548 1157 1616 disserendum
1172 1566 1199 1608 1⁵

148 1646 206 1727 est,
229 1642 312 1706 illud
334 1645 445 1707 temen
467 1644 500 1705 et
523 1640 619 1704 breve
643 1643 676 1703 et
699 1639 916 1705 confitendum
935 1641 994 1721 est,
1015 1638 1080 1703 nisi
1102 1639 1159 1723 qui

147 1730 195 1794 ita
219 1729 262 1793 sit
285 1728 439 1813 adfectus,
462 1749 533 1794 esse
555 1727 695 1792 liberum
713 1727 884 1792 neminem.
919 1726 1026 1812 Igitur
1044 1748 1158 1793 omnes

147 1817 288 1903 improbi
315 1818 409 1882 servi.
454 1814 524 1882 Neo
549 1815 611 1880 hoo
638 1819 708 1882 tem
735 1837 771 1882 re
799 1819 849 1880 ost
877 1837 974 1900 quom
997 1814 1086 1881 dictu
1108 1815 1158 1880 in·

148 1906 317 1992 opinatum
344 1909 441 1990 etque
469 1903 627 1971 mirabile.
672 1902 747 1969 Non
774 1903 861 1970 enim
888 1905 936 1969 ite
963 1902 1074 1968 dicunt
1101 1924 1156 1969 eos
1281 1901 1282 1938 ³

148 2015 218 2058 esse
241 2015 361 2076 servos,
383 1997 420 2058 ut
444 1992 614 2077 mancipia,
638 2013 719 2076 quae
743 1996 819 2056 sunt
842 1992 1046 2057 dominorum
1068 1990 1156 2056 fuote
1170 2007 1198 2048 20

146 2102 229 2146 nexo
243 2085 300 2145 aut
314 2081 423 2164 aliquo
435 2080 505 2145 iure
519 2080 617 2159 oivili,
635 2080 700 2162 sed,
719 2080 747 2144 si
765 2080 904 2146 servitus
924 2079 977 2163 sit,
995 2079 1078 2144 siout
1097 2083 1157 2163 est,

147 2167 352 2235 oboedientia
374 2168 470 2233 fracti
493 2167 593 2233 enimi
615 2171 649 2232 et
673 2167 790 2234 abiecti
809 2172 842 2232 et
860 2166 996 2234 arbitrio
1015 2168 1156 2234 carentis

148 2277 218 2340 suo,
231 2255 303 2340 quis
317 2259 416 2341 neget
429 2277 541 2320 omnes
555 2256 651 2339 loves,
665 2277 777 2322 omnes
790 2256 934 2342 cupidos,
948 2277 1059 2322 omnes
1070 2255 1158 2320 deni·

95 2323 129 2449 3}
149 2364 210 2428 que
236 2342 403 2430 improbos
431 2364 501 2408 esse
529 2343 661 2409 servos?
706 2343 761 2409 An
787 2345 844 2410 ille
872 2344 953 2410 mihi
980 2345 1074 2426 liber,
1103 2345 1157 2409 oni

149 2431 264 2496 mulier
286 2431 439 2515 imperat,
462 2431 513 2498 oui
536 2432 624 2514 leges
647 2433 799 2517 imponit,
823 2432 1027 2518 praeseribit,
1055 2432 1156 2515 iubet,
1171 2447 1198 2488 2⁵

146 2523 245 2603 vetat,
265 2519 351 2604 quod
364 2520 512 2586 videtur?
532 2521 588 2605 qui
605 2521 688 2586 nihil
705 2521 881 2606 imperanti
898 2542 1018 2607 negare
1035 2524 1157 2605 potest,

114 2675 116 2680 ,
146 2607 230 2673 nihil
252 2629 400 2674 recusare
424 2608 542 2674 audet?
586 2608 704 2692 Poscit,
728 2609 868 2674 dandum
891 2613 954 2691 est,
977 2612 1082 2691 vocat,
1104 2629 1157 2675 ve

146 2696 298 2762 niendum
314 2701 376 2780 ost3
395 2697 689 2781 eioit,abeundu1n;
707 2696 858 2781 minatur,
876 2697 1156 2762 extimescendum.

146 2783 219 2870 Ego
242 2805 319 2851 vero
343 2786 444 2851 istum
465 2807 532 2850 non
554 2785 649 2851 modo
673 2805 816 2868 servum,
844 2784 900 2850 sed
922 2785 1156 2869 nequissimum

147 2892 285 2955 servum,
304 2873 432 2939 etiamsi
449 2873 484 2938 in
498 2874 701 2958 amplissima
716 2873 842 2938 familia
859 2877 957 2939 natus
975 2873 1028 2957 sit,
1047 2872 1156 2957 appel·
1170 2887 1198 2929 ³0

147 2959 279 3025 landum
298 2965 387 3046 puto.
418 2960 526 3044 Atque
544 2962 669 3046 inpari
687 2962 830 3027 stultitia
848 2966 933 3046 sunt,
952 2983 1032 3046 quos
1052 2963 1156 3046 signe,

146 3069 227 3130 quoe
246 3048 387 3132 tabulae,
410 3071 490 3132 quos
510 3049 670 3116 coelatum
690 3054 870 3135 argentum,
889 3071 970 3134 quos
985 3049 1156 3117 Corinthio

146 3156 358 3290 tibet?
381 3137 1156 3311 llllttplltlltttttPpttltfillt

94 3323 127 3375 3⁷
147 3275 375 3377 conservorum
402 3277 531 3397 quide'm
558 3318 741 3380 vestrorum
767 3314 930 3399 principes
959 3314 1048 3380 ostie.
1093 3311 1157 3379 Sed
1170 3327 1197 3370 ⁸⁵

146 3400 183 3461 ut
206 3395 241 3462 in
263 3419 383 3484 magne
404 3400 532 3466 familia
553 3407 628 3467 sunt
647 3403 705 3467 alii
722 3403 887 3484 lautiores,
910 3406 947 3468 ut
966 3402 1029 3467 sibi
1048 3400 1157 3467 vidon-

146 3486 208 3564 tur,
227 3485 321 3569 servi,
340 3487 396 3552 sed
413 3493 523 3554 temon
542 3491 635 3574 servi,
654 3494 692 3555 ut
706 3491 871 3574 atriensem
891 3495 927 3557 ot
940 3491 997 3575 qui
1010 3493 1156 3559 tractant
