2578 3950
469 216 580 274 clm
617 223 729 284 §1-4.
1040 224 1103 290 163

113 380 224 462 putata,
257 378 362 444 multa
385 365 497 444 etiam
511 379 653 444 breviter
681 385 714 445 et
741 382 907 448 commode
931 382 1018 450 dieta
1040 408 1104 450 me

113 465 219 530 moriae
250 465 446 532 mandabam
472 467 606 552 fierique
635 468 805 534 studebam
836 471 903 536 eius
931 472 1104 558 prudentia

112 553 230 620 doetior.
274 553 345 630 Quo
377 559 505 621 mortuo
537 577 589 621 me
622 557 663 621 ad
695 557 882 642 pontificem
915 557 1102 629 Scaevolam

113 643 230 728 contuli,
263 665 359 729 quem
390 665 490 708 unum
520 647 653 710 nostrae
685 646 827 713 civitatis
856 651 889 712 et
916 649 1046 735 ingenio
1070 655 1104 715 et

92 730 222 796 aiustitia
247 732 566 817 praestantissimum
597 733 699 800 audeo
727 735 841 802 dicere.
886 733 948 800 Sed
975 737 1014 802 de
1041 738 1103 803 hoo

112 819 194 902 alias,
213 841 298 886 nune
320 821 416 886 redeo
439 821 481 886 ad
504 841 668 908 augurem.

167 905 243 973 Oum
262 917 364 994 saepe
376 911 490 994 multa,
511 913 583 975 tum
601 910 734 975 memini
752 911 840 976 domi
858 912 893 976 in
910 912 1102 999 hemicyclio
1121 924 1138 974 a

111 995 269 1082 sedentem,
290 1002 330 1063 ut
343 999 488 1083 solebat,
511 1021 584 1064 oum
608 1003 640 1064 at
663 1021 725 1085 ego
748 1021 852 1066 essem
870 1023 936 1066 una
953 1006 985 1068 et
1007 1003 1103 1088 pauei

111 1084 269 1151 admodum
286 1085 473 1170 familiares,
496 1087 530 1151 in
547 1109 621 1152 eum
643 1106 823 1154 sermonem
841 1088 936 1155 illum
953 1091 1103 1176 inuidere,

80 1190 99 1230 1⁰
110 1173 158 1257 qui
184 1175 263 1240 tum
284 1174 370 1240 forte
402 1175 514 1241 multis
547 1180 618 1240 erat
643 1177 679 1240 in
706 1199 770 1243 ore.
815 1175 994 1243 Meministi
1017 1180 1103 1244 enim

108 1260 259 1348 profecto,
282 1261 406 1350 Attice,
434 1268 467 1328 et
490 1285 527 1330 eo
551 1265 670 1350 magis,
703 1265 789 1348 quod
810 1263 846 1328 P.
869 1263 1012 1350 Sulpicio
1035 1271 1103 1332 ute·

108 1350 177 1415 bare
206 1353 358 1437 multum,
393 1375 465 1419 eum
491 1353 520 1418 is
553 1354 703 1418 tribunus
735 1353 779 1438 pl.
812 1353 945 1438 capitali
978 1355 1051 1420 odio
1083 1379 1104 1420 a

109 1437 139 1514 Q.
159 1437 320 1525 Pompeio,
343 1441 492 1525 quitum
515 1445 586 1507 erat
608 1442 734 1526 consul,
758 1440 940 1526 dissideret,
965 1464 1103 1527 quooum

109 1526 358 1596 coniunctissime
385 1533 418 1594 et
445 1530 667 1595 amantissimo
696 1529 836 1614 vixerat,
868 1534 991 1613 quanta
1017 1534 1104 1596 esset

79 1631 97 1672 1⁶
107 1615 263 1682 hominum
285 1618 339 1683 vel
358 1618 529 1684 admiratio
544 1619 596 1703 vel
611 1619 764 1702 querella.
796 1618 911 1704 Itaque
924 1623 996 1684 tum
1010 1618 1102 1685 Scae·
1121 1628 1137 1678 3

107 1705 174 1770 vole
190 1706 311 1770 eumin
329 1701 401 1772 eam
418 1707 525 1791 ipsam
543 1707 741 1772 mentionem
756 1707 931 1792 incidisset,
955 1709 1104 1793 exposuit

106 1793 190 1858 nobis
220 1815 401 1860 sermonem
423 1795 516 1860 Laeli
550 1795 589 1860 de
621 1795 765 1861 amicitia
791 1795 941 1861 habitum
975 1797 1016 1861 ab
1044 1797 1103 1862 illo

108 1902 204 1947 seeum
236 1886 269 1947 et
303 1905 376 1948 eum
404 1884 507 1950 altero
538 1903 667 1970 genero,
697 1880 731 1947 O.
754 1881 878 1947 Fannio
901 1883 1004 1949 Marci
1026 1885 1104 1967 filio,

107 1971 207 2053 paneis
231 1970 343 2036 diebus
366 1975 442 2056 post
465 1975 604 2037 mortem
627 1970 782 2035 Africani.
811 1969 891 2034 Eius
912 1970 1104 2055 disputatio-

78 2058 150 2122 unis
171 2059 349 2124 sententias
372 2059 547 2125 memoriae
570 2058 730 2142 mandavi,
753 2079 834 2142 quas
857 2058 919 2122 hoe
942 2059 1027 2124 libro
1054 2079 1104 2124 ex·

106 2149 190 2229 posui
214 2148 376 2226 arbitratu
398 2170 486 2232 meo;
510 2148 604 2232 quasi
626 2148 711 2212 enim
734 2147 823 2231 ipsos
841 2145 954 2212 induxi
971 2147 1103 2232 loquen-

107 2238 157 2320 tes,
176 2258 220 2301 ne
243 2235 420 2321 ‘inquam'
444 2240 477 2302 et
507 2235 658 2320 ‘inquit'
683 2235 811 2321 saepius
834 2235 1104 2321 interponeretur,

106 2327 195 2475 aitque
218 2327 255 2389 ut
281 2329 448 2408 tamquam
476 2347 496 2390 a
523 2324 749 2410 praesentibus
777 2345 887 2390 eoram
914 2324 1029 2390 haberi
1056 2325 1104 2389 vi·

124 2417 235 2478 eretur.
273 2433 276 2437 ·

77 2513 96 2555 2⁵
163 2499 246 2566 (lum
278 2501 363 2566 enim
391 2521 486 2585 saepe
514 2521 638 2565 meeum
667 2521 793 2586 ageres,
817 2504 862 2565 ’ut
894 2501 933 2565 de
961 2499 1140 2566 amicitia4

106 2589 272 2654 scriberem
296 2589 426 2673 aliquid,
449 2588 548 2674 digna
568 2588 649 2653 mihi
672 2609 723 2653 res
743 2610 815 2653 eum
834 2589 978 2654 omnium
997 2589 1105 2674 cogni·

105 2676 194 2761 tione,
218 2680 289 2742 tum
311 2681 425 2743 nostra
446 2676 670 2741 familiaritate
698 2675 770 2741 visa
797 2679 855 2740 est.
900 2675 1016 2759 Itaque
1042 2677 1105 2740 feei

105 2784 162 2830 non
183 2766 317 2848 invitus,
340 2769 377 2831 ut
399 2764 588 2850 prodessem
610 2763 726 2830 multis
746 2767 866 2849 rogatu
883 2766 950 2827 tuo.
983 2760 1045 2827 Sed
1067 2767 1105 2827 ut

104 2851 133 2916 in
160 2853 284 2919 Catone
307 2853 444 2937 Maiore,
476 2853 532 2937 qui
558 2857 609 2917 est
636 2852 775 2937 scriptus
804 2851 845 2915 ad
870 2855 904 2916 te
933 2850 971 2914 de
999 2872 1105 2916 senee-

76 2943 179 3026 seule,
209 2939 368 3007 Catonem
387 2941 500 3006 induxi
523 2961 632 3006 senem
656 2941 890 3024 disputantem,
914 2939 990 3023 quia
1013 2940 1104 3004 nulla

105 3029 269 3096 videbatur
292 3031 401 3116 aptior
423 3051 571 3114 persona,
594 3051 676 3113 quae
699 3028 738 3092 de
755 3028 816 3092 illa
835 3031 942 3093 aetate
960 3028 1105 3111 loquere-

104 3119 164 3203 tur,
187 3140 287 3202 quam
311 3119 393 3202 eius,
416 3119 528 3203 quiet
551 3117 733 3182 diutissime
756 3138 852 3182 senex
874 3115 990 3180 fuisset
1006 3119 1046 3192 ,et
1070 3114 1106 3178 in

41 3225 42 3268 1
104 3204 168 3289 ipsa
191 3210 357 3272 senectute
379 3210 509 3293 praeter
532 3208 655 3272 eeteros
679 3205 852 3288 flomisset,
876 3203 935 3288 sie,
960 3224 1032 3268 eum
1056 3224 1105 3268 ae·

104 3295 293 3379 cepissemus
319 3318 339 3361 a
361 3295 510 3380 patribus
534 3294 673 3359 maxime
696 3292 941 3358 memorabilem
959 3289 993 3358 0.
1013 3290 1105 3356 Laeli

74 3385 131 3445 eet
164 3383 201 3450 P.
232 3381 391 3469 Scipionis
427 3383 687 3448 familiaritatem
723 3381 837 3466 fuisse,
873 3381 989 3446 idonea
1025 3380 1106 3445 mibi

103 3467 186 3536 Laeli
210 3493 351 3557 persona
372 3472 443 3538 visa
467 3476 533 3557 est,
561 3493 644 3556 quae
667 3470 705 3535 de
730 3469 872 3535 amicitia
895 3489 933 3534 ea
953 3469 1026 3554 ipsa
1044 3469 1105 3532 dis-

103 3564 234 3646 sereret,
267 3582 349 3647 quae
379 3561 544 3646 disputata
576 3559 618 3624 ab
646 3580 683 3624 eo
712 3557 913 3624 meminisset
941 3555 1104 3622 Scaevola.

322 3663 327 3670 '
840 3661 894 3716 11*
