2570 3944
155 160 221 226 286
247 249 252 258 .
539 165 766 222 FRAGMENTA

154 343 219 386 non
233 322 374 409 horroris,
389 326 565 392 sedoneris
580 347 650 392 esse
665 325 871 392 existimavit.
885 363 928 372 —
943 325 1100 394 araris]
1104 325 1169 394 1⁷4

152 431 183 492 p.
192 414 267 476 282.
277 417 297 477 1
306 413 388 478 Keit.
411 413 638 482 Parouomasia
646 420 698 500 est,
711 435 780 480 oum
789 416 880 480 dictio
892 416 1031 494 iteratur,
1044 421 1169 482 mamm

155 503 258 564 tamea
271 505 327 564 out
340 502 441 566 littero
454 507 511 568 aut
524 503 651 585 satiata,
668 507 705 568 ut
716 504 801 586 amad
813 501 1003 570 Oimrouem:
1022 501 1083 578 Qui
1101 503 1169 569 fuit

155 586 246 652 lusus
270 589 545 675 religiosissimus,
566 612 651 656 nuno
674 591 736 656 erit
755 590 844 656 loeus
863 589 1102 656 desertissimas
1120 597 1167 656 et:

156 671 326 742 custodire
350 698 477 744 ssorum
499 700 565 743 non
588 679 730 756 honoris,
753 677 810 744 sed
833 678 939 743 oneris
962 699 1033 744 esso
1057 679 1167 744 existi·
1195 700 1209 741 e

155 763 307 829 mebitur.
335 801 378 810 -—
405 765 543 831 Diomed.
569 765 616 830 II
632 788 666 848 p.
694 771 766 832 446.
794 771 835 831 16
861 766 1090 832 Parouomasea
1119 769 1167 852 fit,

155 870 224 915 eum
246 853 337 916 dietio
359 853 497 935 iteratur,
518 858 640 918 mutata
662 858 764 918 tamea
781 859 837 919 aut
854 854 956 919 tittero
973 859 1030 919 aut
1045 855 1168 936 syllaba

159 973 196 984 -
221 937 308 1020 amad
328 937 517 1006 Ciceronem:
547 939 608 1015 Qui
630 939 695 1005 fuit
717 942 807 1006 lusus
831 941 1111 1028 religiosissimus,
1135 944 1165 1008 is

156 1025 217 1089 erit
249 1026 339 1091 locus
372 1026 609 1092 desertissimas
636 1034 681 1092 et:
713 1027 868 1095 Custodia
899 1051 1066 1095 sacrorum
1097 1051 1166 1096 non

155 1111 304 1198 honoris,
332 1114 388 1179 sed
414 1116 521 1180 oneris
549 1116 797 1182 existimabitur.
819 1152 862 1164 --
884 1117 1013 1184 Marius
1041 1117 1167 1185 Plotius
1181 1141 1207 1182 ro
1273 1195 1274 1200 γ

155 1201 340 1267 SaaerdosI
355 1223 486 1286 oramm.
508 1204 564 1270 ool.
584 1204 636 1271 VI
647 1226 682 1288 p.
703 1208 776 1270 458.
798 1209 841 1271 18
862 1203 1091 1272 Parouomasia
1113 1213 1166 1291 est,

155 1308 233 1354 oum·
246 1290 376 1356 iteratur
398 1293 489 1358 dictio
512 1292 621 1358 litteris
638 1293 684 1358 oet
700 1293 827 1375 saltatis
849 1293 1013 1358 demutatis
1031 1329 1086 1377 -,
1101 1296 1164 1378 syt—
1273 1309 1274 1368 ξ

156 1377 243 1459 aar,
265 1383 302 1443 ut
319 1377 545 1445 (doerorNam
569 1380 727 1464 quinario
745 1384 795 1444 est
812 1379 903 1445 loeus
922 1381 1164 1466 disertissimus,
1273 1379 1274 1404 ¹

156 1465 218 1530 erit
241 1466 331 1531 loeus
355 1466 602 1532 desertissimas.
883 1493 884 1496 ¹

221 1555 251 1616 2.
280 1553 383 1633 eriut.
410 1555 467 1620 IX
491 1559 523 1621 2.
550 1561 592 1621 18
623 1554 788 1622 Verborum
818 1575 933 1638 quoqroe
958 1558 1006 1623 ais
1031 1575 1069 1623 aa
1089 1578 1164 1640 pro·
1179 1579 1205 1620 a
1273 1637 1274 1650 ἵ

151 1642 269 1723 pristas
290 1643 491 1723 courtmmtar.
505 1644 771 1725 praesumptione:
794 1642 996 1727 Quamquam
1019 1645 1080 1710 illa
1097 1668 1164 1712 non
1273 1721 1274 1728 ἵ

155 1749 272 1812 poena,
292 1729 348 1793 sed
365 1729 543 1814 prohibitio
567 1730 696 1796 sceleris
713 1730 787 1797 fuit.
806 1767 847 1778 -
868 1730 1042 1798 ‘Tullium’
1061 1739 1164 1800 testem

154 1817 297 1882 uomiuat
316 1817 478 1899 Rufiniau.
500 1823 592 1902 1410.
615 1823 668 1884 42.
690 1824 741 1884 30.

222 1904 252 1970 3.
272 1905 375 1986 Quiut.
395 1906 447 1973 VI
459 1911 488 1972 3.
506 1911 549 1972 48
566 1906 669 1972 Paeue
690 1911 719 1972 et
739 1907 841 1989 ipsum
863 1909 991 1974 sourrite
1008 1907 1163 1976 Oioerouis

155 1997 199 2058 est
218 1995 252 2058 iu
271 2029 312 2040 -
331 1993 523 2059 Isourioum:
546 1994 656 2078 Miror,
679 1994 756 2078 quid
777 1995 830 2080 sit,
853 1995 938 2078 quod
961 2000 1055 2080 pater
1077 2000 1163 2080 tuus,
1176 2017 1203 2058 ro

155 2081 254 2145 homo
282 2082 578 2167 constantissimus,
610 2086 643 2146 te
674 2082 769 2147 nobis
796 2083 923 2148 verium
949 2084 1091 2172 reliquit.
1119 2121 1161 2134 —

161 2169 195 2233 V.
218 2169 306 2248 iutra
329 2167 408 2233 (dt
440 2175 469 2233 6.

221 2255 252 2320 4.
276 2254 380 2336 Quiut.
402 2255 460 2320 IX
480 2261 509 2322 3.
532 2258 577 2321 42
599 2255 642 2321 Iu
664 2257 759 2324 isdem
782 2261 938 2325 seateutiis
960 2259 1163 2326 eretriorrtus
1273 2249 1274 2270 ¹

155 2348 276 2409 mutata
302 2343 553 2410 deeiiuatiouitus
579 2345 737 2410 iteratione
769 2346 929 2412 uerborum
955 2345 1007 2429 (dt
1030 2344 1162 2430 κλοπή),

155 2437 191 2496 ut
214 2467 251 2478 ·-
281 2433 368 2514 aorod
392 2431 581 2498 Gioerouem:
608 2430 721 2516 Neque
749 2433 834 2497 enim
861 2437 1015 2518 poterant
1041 2435 1160 2500 iudicio
1175 2453 1201 2494 es

156 2523 188 2583 et
210 2519 246 2583 hi
269 2519 428 2603 damnari,
452 2520 507 2603 qui
530 2520 724 2585 iudicabant.

221 2607 251 2692 5,
270 2607 299 2674 6.
319 2608 422 2688 Quiut.
439 2607 497 2673 IX
512 2614 544 2674 2.
562 2613 607 2674 47
625 2608 782 2689 Quaedam
796 2628 909 2691 ymera
930 2608 1023 2676 taius
1042 2610 1162 2692 (taurae
1273 2651 1274 2700 1

155 2693 355 2782 (damoetas)
372 2697 494 2762 mutiam
511 2717 580 2762 oum
598 2697 694 2778 tropas
715 2695 826 2761 tatmt
845 2697 1024 2780 societatem,
1045 2702 1082 2762 at
1103 2698 1161 2763 ilia
1273 2703 1274 2706 ’

154 2786 260 2850 statim
281 2787 401 2867 mima,
426 2805 505 2867 quae
526 2785 647 2850 duoiiur
673 2804 694 2849 a
719 2784 871 2867 amardo,
898 2805 992 2867 quom
1017 2786 1161 2850 uouuutti

155 2867 357 2955 ἀντίφρασιν
385 2877 507 2938 oooaut:
535 2907 577 2918 -
605 2871 701 2936 Mitto
728 2871 821 2936 illam
847 2871 987 2957 primam
1014 2873 1160 2938 librdrnls
1173 2891 1200 2932 so

154 2959 305 3025 iniuriam
332 2965 374 3025 et:
401 2958 452 3024 Ne
479 2960 538 3024 illa
565 2959 692 3043 quidem
721 2960 909 3024 testimonia
936 2960 1051 3044 reeito,
1079 2983 1160 3044 quse

155 3047 241 3113 diota
264 3052 340 3113 sunt
362 3048 401 3112 de
423 3045 479 3112 HS
503 3047 658 3113 sescentis
681 3047 821 3113 milibus.

222 3137 325 3201 7-9.
350 3135 453 3216 Quint.
475 3134 534 3200 IX
553 3139 585 3201 2.
607 3140 649 3201 59
657 3155 699 3217 so.
735 3135 818 3200 sam
842 3141 871 3200 et
896 3137 954 3202 iila
975 3137 1112 3202 tamuda
1134 3141 1163 3202 et

154 3224 197 3288 ad
213 3225 499 3290 oommeudatiouem
516 3243 586 3288 oum
603 3225 756 3301 uarietate,
775 3229 840 3288 tum
857 3224 950 3289 etiam
963 3225 1032 3306 ipsa
1045 3229 1161 3289 matura

148 3311 323 3392 plurimum
334 3317 475 3393 prosum,
494 3331 571 3392 quae
588 3311 755 3392 simptioem
772 3313 929 3393 qrmudam
946 3316 975 3378 et
991 3331 1054 3376 uou
1065 3331 1159 3394 prae-
1172 3328 1197 3370 ³⁵

151 3401 299 3477 paratam
316 3399 494 3462 ostmdeudo
511 3399 679 3463 ammam
696 3398 801 3463 miuus
817 3419 874 3464 uos
893 3405 1041 3480 mspeotos
1063 3401 1160 3466 iudici

152 3483 282 3563 forium.
325 3484 413 3549 Hiuo
434 3489 478 3549 est
501 3521 551 3566 —‚
574 3505 643 3550 eum
663 3505 806 3568 amouere
827 3505 892 3565 uos,
914 3487 1158 3570 quidmiraris,
