2504 3950
150 179 214 245 112
549 179 599 233 DE
617 178 768 234 omens

149 361 386 428 germanaeque
413 341 558 406 iustitiae
586 340 724 406 solidam
749 345 783 405 et
805 361 991 424 expressum
1013 337 1158 425 effigiem

148 429 274 494 nullam
296 433 456 511 tenemus,
485 429 603 494 umbra
629 432 663 492 et
689 427 887 513 imaginibus
915 428 1045 492 utimur.
1092 427 1157 492 Eas

148 517 237 601 ipsas
258 513 390 581 utinam
419 518 645 600 sequeremurl
669 514 819 580 feruntur
845 515 998 580 enimex
1024 515 1158 599 optimis

97 620 131 669 to
150 607 286 668 naturae
309 607 343 669 et
360 604 509 670 renatis
528 603 693 688 exemplis.
729 601 817 668 Nam
835 604 950 687 quanti
966 602 1068 667 verba
1086 603 1158 670 illa:
1243 597 1244 618 ¹

149 708 210 757 um
233 709 280 756 nn
303 709 465 759 Procnen
487 709 533 756 nn
555 709 714 756 rmnnvn
738 709 835 756 noun
855 707 987 756 currus
1004 707 1160 754 rannon-
1184 709 1201 749 s·

150 795 261 846 rusvn
285 783 356 846 sne!
385 801 491 864 quam
504 780 697 845 illaaurea:
725 797 771 844 ur
793 796 901 843 runnu
928 793 1043 844 nonos
1066 796 1159 844 annu

149 885 258 932 nurus
277 883 437 934 orounnn
455 885 501 931 nr
520 885 600 934 enen
619 868 884 932 rnnunnmouu!
920 863 994 949 Sed,
1016 867 1075 948 qni
1093 867 1160 932 sint

151 954 261 1037 ‘boni',
293 958 326 1018 et
359 955 435 1038 qnid
467 955 512 1018 sit
539 955 631 1019 ‘bene
659 955 735 1041 agi,
767 975 888 1040 magna
918 953 1067 1038 quaestio
1102 958 1160 1019 est.

151 1039 187 1116 Q.
206 1041 335 1126 quidem
354 1039 522 1126 Scaevola,
544 1041 691 1128 pontifex
713 1043 886 1124 maxinme,
909 1063 1071 1106 summam
1093 1042 1162 1108 vim

151 1149 220 1194 esse
244 1129 371 1195 dicebat
393 1130 428 1194 in
451 1130 601 1195 omnibus
623 1130 664 1194 iis
688 1130 843 1213 arbitriis,
867 1129 903 1193 in
925 1129 1043 1213 quibus
1067 1130 1161 1194 udde
1175 1148 1198 1188 1⁰

150 1221 241 1282 ratur
253 1235 302 1282 nx
314 1235 400 1282 nlnn
414 1234 519 1301 sons,
535 1217 674 1302 fideique
692 1218 797 1283 bonae
814 1237 934 1282 nomen
950 1217 1162 1282 existimabat

151 1326 283 1370 manare
305 1305 474 1389 latissime,
496 1306 592 1389 idque
612 1306 736 1370 versari
753 1306 788 1370 in
805 1305 919 1370 tutelis
938 1305 1162 1389 societatibus,

151 1391 276 1459 fiduciis
299 1392 472 1472 mandatis,
493 1394 591 1459 rebus
615 1393 734 1478 emptis
752 1393 901 1477 uenditis,
924 1393 1092 1458 conductis
1116 1394 1163 1458 lo
1243 1457 1244 1490 p

151 1483 243 1564 catis,
266 1482 384 1565 quibus
406 1482 494 1546 vitae
513 1482 650 1548 societas
670 1481 903 1564 contineretnr;
924 1481 960 1544 in
982 1481 1022 1544 iis
1047 1483 1163 1568 magni
1243 1495 1244 1498 ’

151 1591 222 1634 esse
235 1569 349 1634 iudicis
364 1572 516 1652 statuere,
532 1569 723 1654 praesertim
737 1591 810 1634 cnm
824 1569 859 1634 in
872 1569 1036 1655 plerisque
1050 1575 1163 1634 essent
1177 1588 1199 1627 1⁵

150 1657 269 1722 iudicia
287 1656 458 1738 contraria,
481 1656 558 1739 quid
577 1678 735 1740 quemque
754 1657 867 1740 cuique
882 1661 1054 1740 praestare
1068 1679 1163 1742 opor-

99 1757 132 1808 ·11
152 1748 244 1808 teret.
290 1733 446 1819 Quocirca
474 1743 614 1808 astutiae
641 1744 805 1809 tollendae
828 1748 913 1808 'sunt
939 1766 1041 1828 eaque
1069 1746 1164 1810 mali-

150 1831 198 1896 tia
237 1852 319 1915 quae
342 1832 413 1896 volt
435 1831 494 1896 illa
516 1832 645 1916 quidem
668 1832 771 1897 videri
794 1853 828 1896 se
851 1852 922 1896 esse
944 1832 1164 1916 prudentiam,

49 1974 50 1985 ,
152 1882 214 1985 sed
234 1919 329 1986 abest
355 1919 399 1984 ab
424 1941 463 1985 ea
488 1919 651 2003 distatque
674 1920 859 2004 plurimum
904 1919 1083 1985 Prudentia
1111 1926 1163 1986 est

151 2009 237 2073 enim
260 2008 368 2074 locata
390 2007 425 2071 in
448 2008 568 2072 dilectu
590 2008 749 2074 bonorum
772 2012 805 2072 et
828 2008 999 2091 malorum,
1023 2009 1163 2094 malitia,
1177 2028 1201 2066 au

7 2089 24 2100 ”
151 2097 178 2162 si
207 2096 327 2178 omnia,
355 2115 438 2178 quae
464 2096 574 2179 turpia
601 2099 690 2180 sunt,
717 2096 806 2161 mala
833 2099 923 2174 sunt,
949 2096 1038 2160 mala
1065 2097 1163 2162 bonis

150 2183 244 2268 ponit
271 2185 355 2246 ante.
399 2180 468 2246 Neo
495 2203 571 2247 vero
603 2183 639 2246 in
669 2183 810 2268 praediis
841 2183 950 2248 solum
981 2184 1032 2248 ius
1065 2185 1164 2250 civile

151 2271 282 2335 ductum
303 2290 324 2332 ⁴a
351 2271 469 2334 natura
495 2270 656 2335 malitiam
682 2270 893 2354 fraudemque
919 2271 1077 2354 vindicat,
1105 2273 1165 2338 sed

150 2358 249 2423 etiam
271 2359 306 2421 in
329 2357 563 2441 mancipiorum
584 2358 769 2424 venditione
787 2359 965 2424 venditoris
982 2357 1075 2424 fraus
1094 2382 1164 2426 om-

149 2447 200 2512 nis
232 2443 420 2510 excluditur.
470 2443 533 2520 Qui
564 2446 650 2510 enim
682 2447 763 2512 scire
795 2446 906 2511 debuit
936 2446 975 2512 de
1008 2448 1164 2532 sanitate,
1178 2465 1203 2506 2⁵

151 2534 189 2597 de
211 2532 299 2618 fuga,
323 2530 361 2595 de
383 2531 489 2613 furtis,
512 2538 659 2616 praestat
677 2534 782 2600 edicto
800 2534 962 2600 aedilium.
993 2533 1164 2602 Heredum

98 2635 131 2686 ta
151 2621 217 2687 alia
244 2631 341 2687 causa
368 2624 427 2685 est.
471 2620 522 2685 nx
549 2643 613 2705 quo
645 2621 861 2706 intellegitur,
893 2619 1047 2706 quoniam
1079 2623 1162 2689 iuris

149 2714 267 2776 nutura
284 2708 357 2775 fons
377 2708 430 2793 sit,
452 2708 514 2774 hoc
532 2709 707 2776 seeundum
724 2713 877 2775 naturam
894 2731 975 2795 esse,
995 2711 1163 2776 neminem

148 2799 183 2862 id
206 2819 318 2883 agere,
340 2801 378 2861 ut
401 2817 440 2860 cx
463 2797 597 2862 alterius
620 2797 794 2882 praedetur
814 2798 954 2863 inscitia.
1000 2797 1069 2864 Nec
1092 2801 1163 2866 nlla
1243 2869 1244 2880 p

149 2886 306 2970 pernicies
329 2885 416 2949 vitae
440 2885 544 2949 maior
565 2885 704 2950 inveniri
726 2889 834 2970 potest
858 2899 956 2970 quain
973 2887 1009 2951 in
1031 2888 1163 2953 malitia
1177 2906 1203 2945 ω
1243 2885 1244 2954 i

150 2972 316 3038 simulatio
348 2971 604 3057 intellegentiae3
641 2995 681 3036 ex
717 2994 781 3057 quo
812 2973 877 3038 ista
908 2974 1163 3040 innumerabilia

149 3063 338 3144 naseuntur,
366 3063 403 3124 ut
425 3060 521 3124 utilia
544 3083 617 3126 eum
639 3059 786 3125 honestis
808 3082 955 3146 pugnare
978 3062 1163 3128 videantur.
1243 3065 1244 3151 l

150 3147 274 3224 Quotus
307 3148 392 3214 enim
425 3148 560 3233 quisquc
592 3147 784 3234 reperietur}
816 3149 871 3232 qui
901 3149 1099 3234 impunitate
1127 3156 1163 3216 et
1243 3156 1244 3236 l

99 3291 139 3354 18
149 3236 354 3321 ignoratione
373 3237 517 3302 omnium
535 3237 704 3323 proposita
722 3237 886 3302 abstinere
899 3239 1004 3321 possit
1018 3238 1162 3304 minsis?
1243 3287 1244 3302 ,

97 3367 130 3417 ‘1³
215 3322 448 3407 Periclitemur,
471 3324 499 3389 si
521 3326 638 3409 placet,
664 3329 697 3390 et
718 3325 754 3389 in
774 3325 815 3390 iis
839 3325 968 3409 quidem
992 3327 1162 3412 exemplis,
1177 3343 1204 3384 ³⁵
1243 3339 1244 3344 ’

149 3411 184 3474 in
207 3410 323 3492 quibus
345 3411 471 3494 peccari
491 3413 607 3498 volgus
626 3412 795 3478 hominum
811 3413 952 3478 fumasse
969 3435 1038 3479 non
1055 3419 1161 3499 putet.

149 3495 262 3580 Neque
285 3497 370 3560 enim
393 3498 431 3562 de
455 3499 589 3583 sicariis,
610 3500 770 3583 veneficis,
792 3501 1058 3586 testamentariis,
1080 3501 1163 3568 furi·
1243 3497 1244 3522 *
