2570 3944
27 197 30 203 ‘
142 195 208 262 280
531 192 757 250 FRAGMENTA

251 356 1153 440 Faotosnpra...pereasspeoies,qaibasmseatatns

184 445 336 511 Milonem
353 443 482 512 Clodius
496 445 608 525 sanat,
631 443 734 508 amitit
753 448 859 508 orator
880 447 974 510 etiam
995 447 1056 512 etna
1077 447 1152 512 haer

179 534 365 618 posteriora,
395 553 473 615 qnae
498 532 534 597 in
559 532 662 612 ipsnm
682 532 794 612 promit
819 531 911 598 amn
937 535 1153 600 adversariam
1269 571 1276 578 -

184 641 241 686 oon
264 671 270 685 .
290 671 296 685 .
316 671 323 684 .
343 670 350 684 .
374 622 451 687 tiam
472 620 610 685 nomina.

209 718 259 783 15.
280 716 344 782 Est
366 717 461 800 enim,
485 735 685 800 quocumque
703 715 802 798 venit,
825 719 858 780 et
880 737 1011 781 reorum
1028 716 1153 782 crimen
1178 737 1191 778 s

142 810 174 872 et
197 806 347 870 iudicum.
1078 809 1084 820 '

252 902 341 981 Quod
355 901 489 983 pertinet
510 901 554 964 act
572 919 649 982 reos,
671 900 753 966 aras
772 906 832 966 est:
853 902 1007 966 inntititer
1026 903 1154 986 manens
1276 927 1277 930 ¹

183 990 286 1070 adfert
305 989 370 1054 ittis
385 989 559 1070 perimtnm
579 989 806 1064 damnationis·
828 990 911 1071 qaod
930 994 1033 1054 antem
1055 991 1151 1071 refer-

184 1083 236 1143 tnr
257 1077 450 1158 matutinas,
477 1075 526 1140 isia
551 1075 721 1157 intettepere
746 1077 885 1141 debemns
910 1096 1059 1160 mnpnam
1085 1079 1153 1144 iltis

185 1165 336 1233 invidiam
361 1164 456 1231 simat
483 1169 512 1229 et
533 1163 701 1244 infamiam
727 1166 903 1248 conparari
924 1165 964 1229 ab
987 1166 1152 1248 titipatori-
1167 1187 1193 1227 ιο

184 1255 253 1338 bns,
282 1255 312 1320 si
333 1254 469 1335 corrupti
484 1253 618 1334 perenm
639 1253 902 1330 existimantem
924 1255 1073 1334 anonim
1095 1254 1152 1319 too

181 1343 263 1423 falso
289 1343 448 1407 iactaverit
468 1339 606 1422 Clodius,
627 1342 765 1422 pretinm
791 1342 1012 1406 sententiamm
1039 1342 1152 1406 indici·

184 1430 535 1511 bimessotritaemtnm,
556 1425 1153 1511 mmtameneandempeenniainipse
1277 1431 1279 1500 t

183 1521 403 1601 intoroeptnrns
424 1518 576 1598 arriperet.
734 1555 736 1559 -

206 1616 257 1680 16.
280 1618 433 1696 tuamque
456 1614 643 1696 praeturam
665 1632 732 1677 non
755 1617 812 1678 tuo
836 1633 926 1678 mors
950 1611 1089 1678 differas.
1166 1633 1192 1674 ss

249 1711 320 1777 Hoo
341 1712 377 1774 in
398 1709 578 1774 narratione
599 1709 798 1774 Milonianae
822 1710 1007 1790 defensionis
1023 1709 1152 1791 pierias

183 1799 320 1881 ostendit,
342 1795 486 1863 Clodiam
503 1797 661 1878 petitorem
686 1798 784 1878 faisse
799 1803 974 1880 martinae.
1014 1795 1152 1880 mosque

183 1887 435 1954 animadoerteret
455 1886 579 1950 aomina
600 1903 664 1950 non
686 1887 730 1950 sis
745 1887 913 1970 procedere,
938 1890 974 1950 nt
994 1885 1070 1950 Kot.
1093 1886 1150 1950 Ia-

183 1977 306 2042 nuariis
327 1979 429 2057 posset
455 1974 535 2038 inire
553 1978 750 2058 praetaram,
784 1975 930 2040 nmtnisse
959 1974 1100 2039 desistere
1127 1991 1150 2038 a

179 2065 332 2147 petitione.
376 2061 447 2126 Hm
477 2081 545 2143 erpo
579 2059 701 2127 ronta
731 2063 883 2147 arripnit,
911 2061 1055 2127 'mnnitas
1086 2081 1150 2128 esse
1164 2083 1191 2122 so

183 2151 348 2232 miramte,
370 2150 452 2232 qaod
471 2168 535 2212 non
557 2147 683 2228 differat
703 2152 796 2214 etiam
812 2152 972 2233 praesenti
993 2169 1077 2214 anno
1095 2169 1148 2232 pe-

182 2241 329 2322 titionem,
350 2238 433 2320 qnod
452 2236 517 2300 iam
539 2236 628 2326 semet
648 2236 761 2317 feeerit.
802 2237 946 2304 Solebant
967 2241 1069 2303 annm
1091 2240 1148 2303 im-

177 2328 282 2411 pediri
304 2327 427 2391 comitia
443 2343 502 2406 per
523 2324 740 2392 dissensionem
761 2329 1005 2410 mapistratnnm.

207 2424 256 2488 17.
279 2421 349 2487 Neo
371 2419 526 2505 suffragia
548 2420 654 2505 dabis,
678 2423 795 2506 quibus
819 2426 974 2488 ostentas.

249 2517 463 2585 Comminatio
484 2523 513 2582 et
533 2519 695 2584 mnantiat
714 2540 746 2606 sp
768 2520 938 2586 actionibus
959 2520 1024 2584 eins
1041 2520 1147 2585 adver
1162 2540 1189 2582 ss

182 2607 302 2673 sariam
321 2608 465 2688 fntnram
486 2627 540 2673 neo
561 2608 597 2672 tn
623 2607 801 2690 topationem
828 2627 897 2674 rum
919 2605 1064 2689 Pompeio
1086 2607 1148 2673 ctis-

182 2716 344 2762 eessnrnrn.
393 2694 532 2762 Latnrns
563 2699 665 2760 antem
692 2696 728 2761 de
755 2695 905 2778 suffrapre
936 2695 1148 2760 tnortmmm

182 2784 219 2850 P.
242 2783 372 2851 Clodius
395 2785 487 2868 tepem
509 2783 679 2866 adesam,
701 2788 737 2848 nt
757 2789 786 2848 et
807 2785 868 2865 ipsi
890 2786 911 2864 †
935 2802 1004 2848 enm
1024 2783 1061 2848 in
1082 2802 1147 2850 een

181 2891 251 2938 snm
273 2873 439 2956 amrmtiter
456 2871 657 2954 pervenirent.

206 2969 256 3035 18.
278 2990 337 3033 nee
359 2989 436 3033 vero
459 2967 552 3033 illam
574 2966 733 3032 nefariam
757 2967 953 3032 libertatem.
1160 2987 1188 3028 so

247 3061 402 3148 Suffrapii
427 3065 539 3131 scilieet
565 3062 789 3142 taetriorem,
820 3066 908 3130 onias
934 3064 1008 3146 repa
1035 3064 1147 3128 mentio

180 3152 219 3235 {tt
238 3153 274 3217 in
296 3154 443 3236 oratione,
469 3171 546 3234 qnae
572 3151 677 3216 tabita
704 3157 748 3217 est
768 3172 830 3234 pro
851 3151 973 3218 Milone
991 3151 1058 3235 (12.
1080 3152 1146 3234 33).

206 3249 255 3316 19.
279 3248 358 3325 Quis
379 3271 447 3319 non
468 3248 653 3314 meminerit
673 3249 850 3334 pueritiam
873 3248 987 3316 tuam?

247 3345 453 3428 lnterropotio
470 3347 646 3426 asperitatis
665 3346 858 3427 invidiaeque
869 3345 1055 3427 pientissima
1076 3363 1145 3412 mm

181 3432 379 3513 damatam
389 3452 548 3515 personae,
570 3453 634 3514 qna
650 3452 748 3499 mores
771 3434 837 3498 eins
859 3433 1034 3509 minnan
1056 3451 1146 3514 amm
1160 3448 1186 3490 n

180 3538 244 3584 non
270 3520 370 3601 mapi's
396 3521 497 3585 timeri
523 3524 775 3602 oporteatpnam
803 3521 1146 3603 despioitotoitiansm
