2542 3950
333 203 473 260 stanin
491 203 689 259 chnonUM.
708 203 740 260 G.
759 203 778 258 b
797 210 893 260 7—25.
1053 206 1119 272 345

104 365 275 448 videbatur,
298 363 437 431 Oicaoni
453 365 596 430 recitanti
613 365 676 429 ait:
699 363 784 430 ‘Nan
801 367 903 445 audio,
923 386 1001 448 quae
1019 367 1118 433 dicis'

105 454 170 519 Illa
186 455 356 534 respondit:
376 451 471 518 Certe
490 453 618 516 solebas
636 453 717 517 bene
734 451 859 517 foratas
873 454 993 520 habero
1012 477 1116 520 aures.

105 541 179 607 Hac
200 562 233 606 eo
255 542 378 622 dictum,
402 542 478 622 quia
501 539 644 605 Octavius
666 541 760 623 Libys
781 543 930 607 oriccndus
952 544 1116 622 dicebatur,

105 630 218 712 quibus
240 645 305 694 mas
325 633 370 694 cst
390 647 497 694 aierem
517 629 630 708 forare.
655 663 693 676 -
719 628 875 693 Plutarch.
899 628 960 695 Oia.
982 634 1036 696 26.

75 735 90 776 a
177 716 228 801 15,
248 717 298 781 16.
317 715 453 781 Macrob.
471 715 537 781 Sat.
555 715 600 780 ΙΙ
613 721 642 782 3.
660 721 702 782 16
720 715 830 798 Oieero,
848 737 918 782 cum
934 717 1010 783 Piso
1023 740 1118 801 pauor

105 806 173 870 cius
194 805 320 870 mollins
341 804 499 881 incederet,
520 804 597 886 filia
612 809 714 869 autern
735 805 922 888 concitatius,
946 807 993 870 ait
1013 808 1117 888 filiae:

107 893 252 957 Ambula
273 895 441 976 tamquam
465 892 517 956 vir
539 939 669 957 .....
692 892 739 956 Et
763 913 832 958 cum
852 893 901 958 Μ.
923 893 1060 976 Lepidus
1082 897 1118 961 in

105 985 217 1047 senatu
244 981 371 1045 dixisset
394 979 535 1061 patribus
566 981 744 1061 conscriptis
770 1030 778 1045 .
801 1029 870 1046 ...
900 981 1023 1047 chltius
1053 985 1118 1047 ait:

106 1068 181 1154 Ego
203 1089 270 1132 non
292 1067 377 1131 tanti
398 1067 548 1132 iecissem
570 1061 809 1150 ὁμοιόπτωτον.
852 1119 854 1124 .

65 1175 93 1216 ιο
179 1158 229 1220 17.
249 1155 377 1236 Quintil.
397 1155 448 1220 VI
461 1161 491 1221 3.
508 1158 548 1220 51
566 1154 710 1220 Peruenit
725 1175 774 1222 res
791 1177 884 1237 cuam
904 1157 948 1222 ad
967 1159 1118 1244 aeuum,

109 1244 201 1326 ascale
226 1248 271 1308 cst
296 1242 450 1308 (licaonis
476 1245 510 1308 in
537 1243 740 1320 Plaetorium,
768 1244 880 1308 Fontei
905 1251 1118 1325 accusatorem,

108 1333 196 1397 antiis
209 1336 339 1396 matrem
352 1332 440 1413 duait,
455 1331 529 1394 dum
542 1333 674 1409 unisset,
692 1332 807 1410 ludum,
819 1336 985 1414 postquam
997 1339 1119 1398 mortua

109 1425 193 1498 essct,
216 1421 379 1502 mapistros
400 1418 549 1484 labcusso.
589 1418 781 1484 Dicebantur
802 1426 913 1498 arrian,
936 1421 1010 1484 dum
1031 1423 1119 1500 cinit

109 1507 243 1588 infamas
263 1508 398 1587 feminac
419 1508 576 1572 conuenire
597 1509 641 1572 ad
661 1526 729 1572 eam
754 1507 874 1586 solitae,
894 1512 968 1590 post
992 1514 1119 1578 morum

69 1612 97 1654 ιι
113 1596 193 1660 bau
215 1596 280 1660 eius
301 1595 452 1660 vendant.

180 1683 318 1748 18-21.
339 1683 477 1748 Macrob.
496 1681 563 1752 su.
581 1681 627 1746 11
640 1687 669 1749 3.
690 1688 762 1765 7sq.
781 1681 945 1765 Pompeius
964 1681 1119 1751 Giecrous

108 1773 294 1852 facetiarum
315 1772 469 1852 inpatiens
488 1771 560 1851 ficit.
605 1768 702 1836 (luins
728 1771 801 1836 baec
822 1772 904 1835 dicta
924 1772 1118 1852 ferebantur:

110 1859 183 1944 Ego
210 1880 302 1942 vcro,
334 1879 429 1943 quem
455 1857 594 1943 sugium,
625 1857 743 1942 habeo,
771 1879 867 1942 quem
895 1880 1025 1943 sequar,
1051 1881 1118 1925 non

110 1947 224 2012 habeo.
270 1945 344 2032 (19)
366 1945 429 2012 Sed
448 1951 567 2011 etcum
588 1947 631 2010 ad
651 1945 831 2028 Pompeium
855 1947 993 2024 amissa,
1020 1949 1118 2012 dicen·

69 2053 98 2094 n
111 2035 192 2102 tibus
221 2055 288 2100 sero
318 2055 387 2098 eum
418 2035 532 2099 unnim
562 2035 731 2115 respoudit:
760 2033 893 2098 Minima
926 2054 998 2099 sero
1030 2036 1119 2119 veni,

110 2144 188 2188 nam
208 2121 292 2186 nihil
314 2122 368 2187 hic
385 2126 537 2206 paratum
554 2121 657 2188 video.
688 2119 762 2206 (20)
779 2121 900 2187 Deinde
916 2123 1120 2205 interropanti

111 2211 265 2293 Pompeia,
286 2210 339 2274 ubi
358 2231 449 2292 perier
471 2211 535 2276 eius
554 2209 717 2275 Dolabella
738 2215 819 2288 esset,
842 2211 1012 2292 respondit:
1035 2208 1119 2276 Cum

7 2301 8 2385 1
113 2319 223 2364 socero
241 2301 308 2363 tuo.
340 2295 411 2383 (21)
429 2297 476 2362 Et
494 2317 562 2362 mm
583 2299 725 2363 donauet
741 2296 905 2380 Pompeius
923 2299 1118 2380 transfugiam

112 2388 231 2453 ducato
256 2385 416 2450 Romana:
447 2383 474 2449 Ο
502 2385 666 2449 hominem
697 2385 833 2450 bellum!
865 2387 980 2469 iuquit,
1013 2384 1120 2450 Gallis

71 2491 98 2532 π
112 2473 278 2540 civitatem
305 2471 470 2558 promittit
497 2472 649 2558 alienam,
679 2472 735 2555 qui
760 2473 856 2536 nobis
883 2477 1030 2538 nostram
1052 2495 1121 2538 non

111 2565 221 2647 potest
242 2561 384 2625 reddere.

179 2648 319 2714 22-25.
341 2647 477 2713 Macrob.
501 2646 567 2712 Sat.
589 2645 636 2711 II
652 2651 682 2712 3.
705 2652 725 2712 6
747 2645 900 2714 Caninius
921 2669 1037 2731 quoquc
1058 2649 1118 2714 Re-

113 2737 204 2821 bilus,
230 2737 367 2818 quiana
390 2736 451 2818 die,
478 2739 513 2799 ut
533 2737 599 2800 iarn
621 2734 746 2800 Seruius
767 2737 895 2819 renuit,
923 2738 1027 2801 consul
1047 2737 1120 2818 fuit,

112 2829 214 2890 rostra
235 2844 304 2888 cum
325 2825 518 2907 nundinet,
541 2824 663 2906 pariter
684 2823 828 2888 munau
849 2824 924 2887 iniit
943 2825 1119 2891 consuntus

72 2931 100 2971 co
112 2916 142 2977 ct
161 2912 302 2990 claravit·
329 2914 411 2994 qnod
431 2909 534 2976 Cicero
555 2913 641 2976 omni
659 2912 797 2992 panderes
818 2911 971 2976 occasiuu
992 2912 1118 2977 urbani·

113 3001 187 3065 tatis
204 3000 369 3082 increpuit:
388 2994 654 3084 Λογοθεώρητος
671 3002 722 3062 est
737 2997 890 3063 Caninius
904 2999 1027 3082 consul,
1046 2997 1119 3085 (23)

113 3087 287 3152 adana:
318 3085 390 3152 Hoc
417 3090 607 3152 consecutus
635 3089 685 3150 est
713 3085 862 3168 Rebilus,
890 3090 927 3149 ut
955 3108 1119 3170 quaerere·

113 3178 175 3259 tur,
197 3174 314 3258 quibus
337 3175 523 3239 consulibus
547 3175 659 3239 consul
677 3173 784 3238 fuerit.
819 3169 892 3260 (24)
906 3173 1016 3238 Dicere
1029 3195 1118 3256 prac-

113 3268 193 3327 terea
209 3283 274 3327 uan
296 3265 425 3328 destitit:
444 3261 648 3346 Vigilantiam
665 3261 822 3326 habemns
842 3262 1007 3326 consulem
1025 3260 1120 3328 Cani-

73 3349 297 3503 tinguat-1111}
308 3350 609 3504 iibcssslllatu'wo
628 3371 777 3503 sonlmum
794 3371 861 3452 non
878 3349 968 3502 vidgg.
986 3385 1030 3501 ἷ-
1049 3349 1120 3502 (idb)

155 3487 162 3503 .
298 3487 305 3503 .
411 3460 433 3502 u
457 3457 507 3504 cus
529 3460 564 3503 cn
586 3457 737 3504 nusuern
769 3457 906 3520 quiana
962 3457 1050 3502 nuru
1093 3459 1118 3504 u

113 3527 305 3593 cnutacuu
316 3527 451 3610 percpit:
475 3523 597 3612 Solent,
620 3489 823 3610 inquit’esse
841 3525 991 3592 flamines
1009 3525 1118 3612 dialeS,
