2570 3944
370 183 579 238 PHILOSOPH.
598 183 627 240 1⁴¹.
646 181 712 238 VIII
730 183 831 238 s-lx
849 190 873 238 l.
1061 181 1125 248 333

116 353 152 412 tu
175 347 258 412 testis
279 365 325 423 es;
352 345 434 411 utta
459 347 542 412 enim
567 346 605 410 ele
630 365 767 410 mamare
793 342 958 410 minuendo
979 344 1127 426 sonutam

116 436 157 501 ab
174 436 239 500 ullo
256 439 308 512 est,
329 435 410 515 qual
425 453 477 516 eoo
494 453 557 499 non
576 434 660 499 lami
682 438 753 498 tuae
775 433 914 516 loomim
936 432 989 497 sool
1009 451 1127 496 manem

117 523 353 589 consolationem
375 522 471 594 uinoit
491 522 585 588 ololor.
631 521 830 602 Quinetiam
854 521 928 604 feei,
954 521 1037 602 quoa
1055 539 1127 601 pro·

114 611 194 692 fecto
216 615 288 674 ante
309 629 356 674 me
377 629 478 694 nemo,
505 615 541 674 ut
565 609 629 692 ense
654 629 703 674 me
720 629 777 692 per
800 609 917 674 litteras
939 609 1126 683 consolarer;

88 716 209 781 sonem
231 698 344 763 lelium
365 699 409 762 ml
425 703 452 762 te
469 699 601 780 mittam,
622 697 882 780 sideseremerint
899 696 1029 762 lelrarii.
1063 695 1128 760 Ael-

117 789 209 869 firmo
233 786 290 852 titi
311 785 433 851 nullam
455 786 690 852 consolationem
711 805 773 851 esse
796 785 896 850 talem.

187 875 217 939 2.
245 873 306 938 Cia.
333 874 398 940 Au.
426 873 506 938 XII
528 878 581 940 28.
603 876 628 938 2
655 873 744 954 Quod
768 893 816 938 me
841 875 906 955 inse
926 891 985 955 per
1012 871 1129 937 litteras

118 962 292 1028 consolatus
318 981 400 1040 suan,
428 982 491 1026 nou
508 960 647 1044 paenitet
670 981 730 1039 nae,
757 966 908 1043 quantum
928 961 1128 1043 profecerim

118 1069 289 1115 maerorem
300 1051 411 1131 minui,
429 1049 562 1116 aaron
576 1069 630 1114 neo
641 1051 733 1132 potui
750 1069 812 1134 neo,
830 1051 999 1132 sipossem,
1017 1048 1128 1112 uellem

76 1156 164 1196 ιο-
188 1137 235 1218 Cf.
257 1139 294 1202 de
315 1138 411 1203 clioin.
433 1137 480 1201 II
497 1143 525 1203 1.
547 1143 576 1204 3.
666 1171 670 1178 ·

188 1226 218 1290 3.
242 1224 302 1292 &a
328 1225 416 1291 Tusa.
439 1224 497 1290 IV
513 1230 565 1291 29.
589 1231 631 1291 63
652 1226 868 1309 Aequimelium
894 1225 1009 1290 sectatio
1031 1229 1061 1288 et
1080 1223 1128 1288 le·

119 1319 225 1381 sterno
246 1314 451 1395 amputatione
473 1315 625 1396 explicata
641 1319 686 1379 est
702 1319 731 1378 et
747 1314 784 1378 in
802 1311 1027 1378 Consolationis
1045 1311 1130 1393 libro,

119 1421 210 1484 quem
231 1402 267 1466 in
288 1402 386 1466 medio
408 1401 486 1483 (non
506 1404 589 1467 enim
611 1403 761 1483 sapientes
782 1401 921 1484 maanus)
945 1419 1081 1465 maerore
1102 1404 1132 1463 et

120 1491 223 1554 cloltre
239 1491 489 1571 tansmisimus
506 1491 642 1572 quodque
658 1495 740 1554 aetat
757 1487 957 1574 Chrysippus,
975 1489 1018 1554 al
1032 1506 1130 1553 reeen-

78 1595 106 1638 1⁵
122 1579 163 1643 tls
184 1579 274 1660 quasi
297 1581 429 1642 tumores
449 1579 550 1643 muni
571 1578 738 1643 remelium
759 1577 907 1658 alteiam,
929 1578 965 1642 iol
984 1595 1040 1641 uas
1060 1575 1130 1655 feei·

121 1685 192 1730 mus
208 1670 397 1748 naturaeque
412 1666 476 1730 aim
494 1666 664 1745 attulimus,
686 1671 723 1731 ut
738 1665 948 1748 maonitmlini
964 1664 1131 1728 medianae

121 1753 237 1820 doloris
258 1755 437 1835 maanitmla
459 1755 635 1819 consederet.
660 1789 698 1800 -
723 1753 772 1834 Cf.
794 1753 861 1817 ΙΙΙ
879 1757 929 1816 31.
953 1755 994 1816 75
1002 1771 1064 1832 sqq.

189 1843 219 1906 4.
230 1839 291 1907 Cie.
303 1841 390 1906 Tusa
400 1841 480 1906 134.
490 1847 532 1908 83
543 1841 627 1922 aista
638 1861 688 1924 eya
701 1860 784 1906 nuno
797 1841 916 1922 luqeam
928 1841 1024 1904 uitam
1035 1839 1129 1902 lomi·

121 1929 221 1994 num?
259 1930 334 1995 Vere
353 1935 382 1994 et
398 1931 466 1994 ture
477 1947 622 2011 nassum·
645 1929 699 1995 sed
713 1929 790 2010 qua
805 1945 920 1993 neeesse
937 1931 988 2004 est,
1011 1945 1080 1990 ouon
1097 1927 1133 1990 ia

79 2035 108 2076 so
122 2037 224 2101 mam,
237 2037 276 2082 ne
285 2022 355 2099 post
366 2023 493 2082 nmrmm
501 2018 627 2082 miseros
635 2016 921 2098 nosputemusfora
934 2016 1027 2078 etiam
1034 2014 1131 2078 uitam

122 2106 242 2188 efficere
257 2105 442 2188 deploranda
460 2103 669 2171 munimem?
705 2105 848 2169 Fecimus
865 2102 920 2168 loo
936 2103 972 2167 in
994 2123 1027 2167 eo
1045 2101 1131 2180 libro,

122 2195 160 2258 in
176 2213 235 2276 qim
252 2198 369 2258 uosmet
384 2194 474 2276 tiosos,
496 2197 647 2274 quauuu
659 2193 827 2274 potuimus,
849 2191 997 2256 romolati
1016 2209 1130 2256 samus.

191 2281 221 2346 5.
249 2279 310 2348 Cio.
340 2281 426 2346 Tusa.
455 2280 546 2348 131.
573 2283 615 2345 75
627 2300 670 2362 sq.
697 2280 785 2345 Haeo
810 2281 932 2362 quidem
956 2280 1023 2343 rita
1049 2297 1132 2343 mors

123 2374 176 2453 est,
196 2389 291 2452 quam
313 2369 477 2433 lamentari
494 2387 623 2450 possem,
644 2369 673 2432 si
696 2369 805 2432 liberet.
836 2368 877 2432 A.
900 2366 987 2432 Satis
1008 2371 1042 2430 tu
1064 2367 1131 2448 qai·

81 2475 109 2516 25
123 2459 192 2524 olem
209 2459 245 2522 in
258 2455 470 2523 Consolatione
486 2475 518 2521 es
536 2456 737 2530 lamentatus;
760 2475 854 2536 quam
871 2475 941 2520 enm
958 2454 1029 2537 leqo,
1051 2452 1132 2519 nihil

123 2546 207 2611 malo
232 2565 326 2627 oseam
351 2544 409 2610 las
434 2563 483 2609 res
508 2543 690 2625 relinquere,
721 2543 771 2607 leis
801 2562 869 2607 uero
899 2543 988 2607 modo
1014 2541 1132 2606 amolitis

124 2634 221 2698 multo
243 2634 350 2715 mauis.

191 2721 220 2785 6.
238 2721 404 2802 Auyustin.
422 2721 459 2784 ele
476 2719 530 2784 aiu
548 2719 599 2784 dei
614 2717 707 2782 XIX
717 2722 747 2782 4.
765 2721 789 2782 2
807 2715 884 2796 Quis
900 2717 1018 2798 suffieit
1033 2735 1131 2797 quan·

125 2809 202 2874 touls
223 2809 407 2890 eloquentiae
428 2807 556 2889 flumine
577 2807 657 2871 uitae
678 2805 772 2870 laires
793 2804 936 2869 miserias
957 2803 1131 2885 emolliam?

81 2915 110 2956 so
124 2915 219 2979 quarn
251 2896 434 2961 manutenes
464 2899 509 2960 est
533 2893 636 2960 Cleero
666 2894 702 2960 in
729 2893 941 2958 Consolatione
971 2893 1008 2956 de
1038 2895 1133 2956 marte

122 2984 222 3069 filiae,
244 2986 324 3050 sieut
338 2985 458 3066 potuim
480 2985 534 3049 sel
554 2987 705 3066 quantum
726 2986 781 3060 est,
803 2981 885 3063 quaet
899 2979 1025 3063 potuit?

193 3073 221 3135 7.
244 3071 330 3137 Ptin.
352 3073 416 3136 nat.
438 3071 508 3136 list.
525 3070 627 3153 praefi
644 3073 691 3135 22
708 3067 790 3134 Soita
812 3068 1010 3148 conferentem
1032 3071 1132 3131 aucto

123 3179 173 3224 res
193 3179 242 3224 me
267 3159 493 3242 deprehendisse
518 3179 540 3223 a
566 3158 767 3222 iuratissimis
793 3161 822 3220 et
841 3156 998 3238 proximis
1023 3159 1132 3220 ueteres

125 3249 341 3329 transsoriptos
358 3249 402 3312 ael
416 3247 541 3312 omium
557 3265 652 3328 umore
668 3246 850 3327 nominatos,
872 3263 936 3310 non
954 3279 996 3290 -
1015 3241 1122 3308 Cicero·

81 3351 110 3395 ³5
123 3337 224 3400 alana
245 3335 447 3418 simplicitate,
469 3336 524 3417 qui
545 3335 581 3400 le
597 3353 632 3398 re
643 3354 676 3415 p.
695 3331 839 3397 Platonis
856 3351 888 3397 se
904 3333 1041 3397 mnrium
1057 3351 1114 3414 pro

122 3424 235 3506 fitetur,
252 3425 288 3488 in
301 3422 513 3490 Consolatione
526 3420 646 3508 [filiae]
659 3419 860 3502 Creatorem,
877 3421 987 3503 iuquit,
1005 3440 1114 3502 sequor

124 3547 166 3560 —
181 3511 363 3594 Hr'eronum
382 3513 465 3594 epist.
480 3515 528 3576 60.
541 3512 562 3576 5
577 3510 612 3576 Τ.
626 3510 653 3574 Ι
663 3531 694 3592 p.
708 3513 772 3575 334
786 3507 818 3574 C.
837 3508 969 3576 Vallars.
987 3508 1118 3590 Leoimu.
