2542 3950
392 181 602 238 POEMATUM.
621 181 655 238 H.
676 183 715 236 IV
732 182 835 238 b—IX
853 189 877 238 2.
1073 181 1138 249 395

176 343 226 408 Tu
250 365 390 428 quoque,
413 344 469 428 qui
491 344 581 409 solus
604 344 689 410 leeto
712 363 873 427 sermone,
896 341 1043 428 Terenti,

177 429 377 497 Conversum
404 452 654 516 expressumque
678 431 797 497 Letine
823 453 900 497 voee
926 429 1139 498 Menandrum

176 519 217 586 In
239 519 381 586 medium
402 519 498 585 nobis
522 519 642 584 sedetis
666 519 809 586 mofibus
832 520 940 604 effers,

177 606 337 684 Quiddem
364 629 455 674 come
481 609 617 692 loquens
641 611 739 692 atque
762 608 870 674 omnia
893 608 1000 674 duleis
1023 608 1138 676 dicens.

103 923 117 966 s
515 911 567 972 IX.
599 911 760 972 MARIUS.

200 1045 260 1114 Oia
282 1046 348 1113 Att.
370 1045 451 1112 XII
468 1051 519 1112 49.
541 1046 749 1112 1Hertn0a
772 1047 867 1113 mab
883 1053 969 1130 past,
990 1067 1084 1130 qaam
1107 1053 1140 1112 ta

133 1155 155 1200 a
177 1155 225 1200 me
241 1135 412 1214 limasti,
433 1135 532 1200 arbita
549 1136 677 1218 aetiam
693 1135 816 1218 urbani,
837 1139 874 1200 at
888 1134 1077 1220 videbanter,
1099 1137 1142 1201 eal

133 1244 182 1288 me
208 1223 357 1287 mandata
382 1227 412 1287 et
437 1223 555 1288 litteras
581 1222 751 1287 attulerant
771 1244 792 1287 a
814 1221 848 1288 O.
869 1223 978 1289 Mario
1001 1221 1034 1290 0.
1059 1224 1084 1305 f.
1107 1221 1139 1290 0.

133 1331 165 1377 a.
185 1309 291 1376 maltis
308 1311 405 1376 aerbr's
422 1331 510 1394 apere
527 1330 643 1377 aarum
655 1331 714 1392 per
731 1311 947 1394 capeatioaem,
968 1331 1046 1394 qaae
1063 1311 1141 1376 mibi

93 1417 121 1457 ιο
133 1419 234 1466 swam
251 1403 334 1481 esset,
349 1419 409 1481 per
425 1418 495 1466 eam
511 1399 666 1477 Maiiam
687 1417 776 1482 qaem
792 1399 989 1482 saepsissent,
1007 1419 1065 1482 per
1082 1400 1141 1466 ela-

133 1487 292 1570 qteeatiam
312 1487 351 1551 L.
373 1485 482 1554 Orassi
503 1487 556 1552 aai
576 1487 642 1568 sai,
662 1484 699 1554 ''a-t
718 1506 750 1553 se
770 1486 966 1567 defenderem.

204 1573 1143 1658 l.Cie.alelepp.11.1Attia.Iaeaasqaidemilleet

135 1663 207 1728 baee
227 1661 433 1744 Arpinatium
458 1681 589 1744 quereres
613 1663 789 1745 moraes
814 1669 904 1744 saepe
927 1683 951 1728 a
974 1683 1022 1728 aee
1049 1663 1142 1729 halas

134 1752 170 1816 ia
183 1749 292 1818 Maria
305 1786 349 1798 -
362 1785 414 1816 -.
434 1749 538 1830 Quina
554 1785 595 1799 --
608 1751 683 1816 dam
695 1751 830 1816 Latinae
843 1750 1003 1833 aquata
1017 1751 1142 1830 litterae,

97 1851 123 1894 ¹⁵
136 1858 263 1922 queas
279 1837 351 1904 baie
366 1838 428 1904 laea
440 1858 505 1906 aaa
516 1839 620 1922 deal,
635 1857 715 1919 aine
726 1837 881 1903 Mariana
891 1839 1029 1922 taetra*
1040 1859 1142 1923 apae,

135 1933 171 1994 at
192 1928 239 1992 eit
259 1925 405 1993 Scaevola
426 1927 462 1992 de
481 1926 594 2006 trata
615 1927 675 1992 ma
696 1925 820 1994 Mera.-

262 2019 273 2034 '
311 2013 456 2088 Gameet
474 2014 582 2086 suala
603 2013 887 2100 inumerabilium.

181 2140 223 2152 -
236 2139 273 2150 -
287 2103 389 2182 aare
398 2099 594 2185 ‘plaadifera'
603 2102 661 2190 illa
669 2121 805 2184 amas,
816 2121 923 2184 marea
932 2102 1006 2166 olim
1015 2102 1144 2168 arolam

312 2187 438 2254 Nuntia
458 2189 550 2254 fulva
572 2189 659 2254 Iovis
682 2189 830 2256 miranda
852 2189 923 2254 vise
944 2189 1063 2276 figure,

99 2293 125 2333 20
137 2298 219 2348 aeae
240 2279 281 2344 sit
301 2277 382 2344 laea.
924 2335 928 2342 .

204 2367 232 2434 2.
260 2364 322 2434 Otr.
347 2366 384 2432 de
412 2365 507 2432 aliaia.
532 2364 558 2430 I
579 2368 633 2434 47.
659 2370 723 2431 106
750 2365 833 2445 Quia
856 2370 902 2432 est
926 2365 981 2430 illo
1006 2365 1143 2448 arreptae

137 2456 280 2538 divinius,
301 2454 383 2536 qaod
396 2454 483 2536 apae
499 2457 527 2518 te
543 2453 580 2520 ia
596 2451 705 2522 Mario
722 2452 788 2520 est?
809 2457 846 2517 at
862 2456 935 2518 utar
946 2453 1143 2535 potissimae

137 2548 257 2610 aeetae
280 2547 323 2606 te:
640 2605 645 2611 .

181 2629 244 2696 Hie
265 2629 353 2695 Iovis
377 2628 511 2695 altisoni
533 2627 642 2694 subito
665 2627 801 2712 pinnata
823 2627 955 2693 satelles

100 2731 125 2773 2⁵
181 2717 320 2782 Arboris
343 2738 360 2781 e
383 2718 497 2781 trunco
522 2716 681 2801 serpentis
705 2715 815 2784 seueiu
835 2735 947 2781 morsu

181 2803 329 2890 Subrigit
350 2805 423 2890 ipsu
444 2804 524 2870 feris
546 2804 742 2887 transfigens
763 2803 927 2889 unguibus
950 2822 1090 2888 anguem

181 2892 413 2960 Semianimum
436 2896 470 2958 et
492 2891 583 2962 veria
606 2891 750 2977 graviter
772 2891 894 2957 eerviee
917 2890 1098 2958 micantem.

181 2981 284 3058 Quem
307 3003 341 3046 se
363 2981 605 3064 intorquentem
627 2979 754 3044 leniens
776 2981 947 3062 rostroque
970 2982 1142 3045 cruentans

175 3069 251 3140 lem
275 3069 396 3134 satiata
418 3068 557 3150 enimes,
580 3067 647 3138 iam
670 3068 769 3134 duros
790 3067 860 3132 ulte
883 3066 1010 3131 dolores

102 3171 126 3214 ³0
182 3156 293 3232 Abicit
316 3157 484 3223 ecflantem
506 3160 539 3222 et
562 3155 739 3226 laceratum
762 3153 888 3240 adfligit
910 3153 945 3218 in
967 3152 1053 3218 unde

181 3243 286 3329 Seque
305 3245 401 3310 vobitu
424 3266 444 3308 e
466 3243 545 3312 solis
567 3243 689 3310 nitidos
711 3241 877 3312 conuertit
895 3241 936 3308 ab
959 3244 1059 3307 ortus.

181 3333 275 3400 Hane
298 3332 355 3398 ubi
377 3331 584 3416 praepetibus
608 3331 716 3416 pinnis
738 3330 897 3415 lapsuque
919 3329 1085 3396 volantem

181 3420 357 3506 Conspexit
379 3418 511 3504 Murius,
535 3419 635 3486 divini
657 3417 800 3486 numinis
823 3438 939 3502 augur,
1004 3456 1019 3466 ··

180 3507 365 3592 Faustaque
388 3506 483 3594 signu
506 3528 582 3574 suae
606 3506 711 3574 leudis
733 3505 920 3594 reditusque
942 3505 1083 3587 noterit,
