2578 3950
183 191 248 256 180
482 189 635 244 LAELIUS
653 188 702 242 DE
721 188 887 244 AMICITIA

181 353 303 420 nodum
322 350 484 417 amicitiae
502 351 627 418 tollere.
663 348 739 415 Non
758 349 844 414 enim
861 353 931 416 tam
949 350 1078 416 utilitas
1097 355 1195 436 parta

182 463 241 527 per
264 440 403 506 amicum
426 461 525 523 quam
547 438 643 504 amici
666 460 758 504 amor
779 439 849 522 ipse
877 439 1032 521 delectat,
1059 443 1194 524 tumque

181 529 265 595 illud
286 529 338 612 fit,
361 527 447 612 quod
470 527 512 593 ab
535 527 639 592 amico
663 529 714 592 est
735 525 932 611 profectum,
954 527 1144 612 iucundum,
1167 528 1195 592 si

183 635 256 683 cum
279 616 387 681 studio
411 618 461 680 est
482 614 677 700 profectum3
706 618 900 699 tantumque
923 615 1031 698 abest,
1053 619 1093 680 ut
1115 616 1195 682 ami-

183 705 280 771 citiae
302 707 437 789 propter
459 702 672 788 indigentiam
695 703 857 787 colantur,
879 705 918 768 ut
940 703 973 785 ii,
996 703 1053 787 qui
1077 705 1194 788 opibus
1219 723 1230 761 ⁵

184 797 217 859 et
248 793 350 877 copiis
383 792 586 875 maximeque
618 791 752 874 orbate,
783 791 817 855 in
847 813 911 875 qua
937 791 1117 875 plurimum
1147 797 1196 856 est

183 881 346 967 praesidii,
368 879 501 944 minime
523 879 659 943 alterius
681 878 859 964 indigeant,
882 879 1107 946 liberalissimi
1132 881 1196 946 sint

184 974 218 1034 et
235 967 527 1032 beneficentissimi.
563 967 672 1050 Atque
694 967 775 1031 haut
798 965 898 1032 sciam
918 989 961 1032 an
978 989 1019 1032 ne
1045 989 1130 1054 opus
1155 969 1197 1033 sit

184 1056 313 1141 quidem
344 1055 427 1119 nihil
458 1076 612 1138 umquam
644 1054 775 1120 omniuo
808 1054 918 1121 deesse
951 1055 1074 1121 amicis.
1131 1056 1197 1122 Ubi

184 1144 271 1210 enim
294 1143 402 1208 studia
423 1147 537 1208 nostra
564 1142 758 1227 viguissent,
789 1143 817 1208 si
843 1164 1020 1227 numquam
1049 1145 1231 1228 oonsilio,1⁰

183 1254 362 1316 numquam
389 1253 489 1316 opera
514 1235 629 1296 nostra
651 1252 710 1296 nec
733 1230 820 1296 domi
842 1252 901 1296 neo
925 1231 1064 1298 militiae
1088 1230 1197 1318 Scipio

185 1320 350 1406 eguisset?
390 1317 466 1384 Non
487 1319 590 1404 igitur
612 1319 790 1384 utilitatem
813 1319 964 1403 amicitia,
988 1320 1045 1384 sed
1068 1322 1197 1387 utilitas

185 1409 364 1476 amicitiam
387 1411 500 1474 secuta
522 1411 580 1472 est.

132 1476 176 1602 ἐξ)
250 1497 327 1562 Non
340 1516 418 1580 ergo
433 1499 527 1560 erunt
540 1495 688 1560 homines
702 1494 825 1560 deliciis
840 1495 1023 1560 diffluentes
1037 1497 1197 1579 audiendi,

185 1586 215 1650 si
237 1584 365 1669 quando
389 1584 427 1646 de
451 1583 603 1665 amicitia,
625 1604 723 1666 quam
746 1605 805 1648 nee
826 1604 888 1648 usu
910 1605 968 1648 nec
989 1584 1120 1651 ratione
1144 1587 1231 1652 ha-1⁵

184 1673 264 1736 bant
277 1671 451 1756 cognitam,
470 1670 690 1754 disputabunt.
721 1669 807 1736 Nam
822 1670 895 1754 quis
909 1674 968 1753 est,
986 1693 1046 1755 pro
1062 1672 1198 1739 deorum

184 1759 281 1824 fidem
297 1762 395 1843 atque
408 1758 589 1824 hominum!
609 1759 666 1842 qui
680 1757 768 1842 velit,
785 1761 824 1824 ut
837 1781 941 1843 neque
954 1759 1074 1846 diligat
1089 1782 1197 1845 quem·
1260 1837 1261 1844 ἵ

185 1869 284 1932 quam
301 1868 361 1912 nec
379 1847 449 1932 ipse
467 1847 509 1912 ab
528 1847 596 1912 ullo
615 1846 781 1932 diligatur,
802 1846 1023 1913 circumfluere
1044 1850 1197 1914 omnibus

185 1935 287 2021 copiis
302 1939 399 2020 atque
412 1935 447 1999 in
462 1935 605 2002 omnium
618 1956 727 2001 rerum
741 1935 940 2000 abundantia
952 1936 1084 2002 vivere?
1109 1937 1197 2002 Haeo

185 2025 272 2089 enim
289 2028 341 2089 est
359 2028 571 2106 tyrannorum
589 2023 657 2088 vita
676 2023 837 2107 nimirum,
854 2023 891 2088 in
914 2046 978 2108 qua
995 2025 1091 2090 nulla
1109 2026 1197 2108 fides,
1209 2041 1230 2080 2⁰
1259 2067 1260 2070 =

183 2111 276 2176 nulla
298 2111 432 2193 caritas,
458 2111 551 2175 nulla
579 2111 708 2176 stabilis
731 2111 969 2176 benivolentiae
991 2116 1105 2197 potest
1128 2135 1196 2179 esse

184 2198 311 2280 fiducia,
334 2199 444 2263 omnia
467 2219 593 2282 semper
616 2202 767 2283 suspecta
788 2203 886 2284 atquc
910 2200 1062 2285 sollicita,
1085 2203 1195 2266 nullus

132 2299 166 2351 oa
185 2286 275 2351 locus
303 2285 473 2351 amicitiae.
524 2285 603 2361 Quis
630 2287 716 2352 enim
744 2290 801 2352 aut
829 2309 904 2352 eum
935 2288 1067 2374 diligat,
1101 2311 1196 2374 quem

184 2377 322 2458 metuat,
349 2377 407 2439 aut
434 2395 521 2458 eum,
548 2397 568 2438 a
596 2395 659 2458 quo
687 2397 723 2439 se
749 2375 852 2440 metui
873 2377 989 2460 putet?
1035 2375 1196 2443 Ooluntur
1258 2395 1259 2477 ,

184 2467 296 2528 tamen
318 2461 524 2527 simulatione
542 2462 712 2528 dumtaxat
731 2463 772 2529 ad
789 2468 927 2547 tempus.
959 2463 1085 2539 Quodsi
1101 2466 1195 2549 forte,
1208 2479 1230 2520 ⁹⁵

184 2553 222 2614 ut
243 2550 282 2613 fit
303 2551 507 2634 plerumque,
534 2551 733 2635 ceciderunt,
759 2554 830 2616 tum
853 2551 1073 2638 intellegitur,
1099 2577 1196 2639 quam
1257 2623 1258 2638 ἓ

72 2713 79 2726 .
183 2637 305 2703 fuerint
334 2639 447 2723 inopes
480 2639 666 2730 amicqrum.
711 2639 804 2715 Quod
830 2638 1043 2725 Tarquinium
1077 2642 1196 2708 dixisse

183 2726 293 2792 ferunt
315 2727 510 2812 exulantem,
533 2731 604 2792 tum
627 2749 661 2791 se
684 2727 893 2813 intellexisse,
916 2749 997 2813 quos
1014 2729 1099 2795 fidos
1120 2731 1196 2796 ami·

184 2837 239 2882 eos
262 2814 440 2900 habuisset,
463 2837 544 2900 quos
567 2815 697 2899 infidos,
719 2839 792 2882 eum
813 2815 879 2882 iam
901 2816 1027 2882 neutris
1051 2820 1195 2903 gratiam

132 2902 304 2968 retroferre
335 2906 456 2987 posset.
505 2903 709 2987 Quamquam
740 2903 853 2982 miror,
884 2904 945 2969 illa
977 2906 1132 2990 superbia
1163 2910 1196 2970 et
1209 2921 1231 2962 ³⁰

183 2990 420 3075 inportunitate
439 2992 470 3056 si
486 3013 681 3076 quemquam
695 2992 834 3058 amicum
847 2992 968 3058 habere
986 2994 1106 3077 potuit.
1139 2993 1197 3060 At-

184 3100 246 3163 que
269 3082 308 3145 ut
328 3078 438 3158 huius,
462 3102 556 3164 quem
581 3080 661 3164 dixi,
685 3101 791 3146 mores
815 3101 909 3145 veros
934 3081 1055 3146 amicos
1078 3105 1196 3168 parare
1255 3147 1256 3154 ,

182 3168 1196 3342 &restitutittllffltrltltllitltmtss·

183 3343 264 3404 tuna
284 3362 379 3406 caeca
397 3346 456 3427 est,
479 3343 535 3408 sed
552 3366 608 3409 eos
627 3345 727 3410 etiam
744 3345 937 3429 plerumque
955 3345 1055 3412 efficit
1074 3369 1195 3428 caecos,
1208 3361 1231 3401 ⁸⁵
1254 3377 1255 3382 ¹

184 3446 265 3509 quos
293 3428 450 3511 conplexa
477 3435 540 3513 eat,
567 3431 677 3516 itaque
705 3433 882 3498 efferuntur
910 3432 978 3498 fore
1005 3434 1140 3502 fastidio
1163 3438 1195 3500 et

184 3513 400 3598 contumacia,
435 3537 494 3582 neo
530 3518 702 3602 quicquam
733 3519 907 3605 insipiente
943 3521 1113 3588 fortunato
1150 3524 1195 3588 in·
