2542 3950
468 175 542 232 ΟΑΡ.
562 182 640 232 4-7.
678 183 693 242 5
713 183 824 232 11-16.
1086 177 1151 242 429

141 339 247 404 fretus
271 359 397 423 supero,
421 337 450 402 si
471 337 560 404 facta
525 338 820 422 tcompeneanda
841 342 926 423 sunt,
902 338 1151 404 tconferamus

143 427 352 512 aequitatem,
374 449 404 491 ιι
395 426 555 491 violent
531 431 597 490 trac
615 425 740 510 impetu
757 389 979 512 opprimimur
1001 426 1152 491 decedam

142 537 203 601 pro
227 513 377 580 omnibus
400 535 483 578 unus
506 513 681 579 tribunicio
696 513 824 615 tutori,
836 515 989 666 quoniam
1006 515 1152 584 laborem

142 625 203 687 pro
231 606 326 668 cunct
327 603 355 666 is
382 602 526 687 perferre
553 600 714 667 consuevi
759 599 824 666 si·
815 602 917 688 1gitur
878 603 1050 686 nraliquo
1072 605 1152 668 tem·
1166 583 1206 710 (ᾗ

110 709 222 776 apore
244 691 285 755 iis
308 689 495 755 hominibus
518 689 740 773 consuluistis,
768 711 904 774 quorum
931 691 1058 755 animus
1080 689 1153 755 reli·

143 780 241 865 gione
262 779 395 863 pietatis
419 778 588 842 defunctus
610 783 662 856 eat,
685 777 810 842 debetis
833 777 914 842 mihi
936 799 1063 862 quoque
1080 799 1153 862 pro·

142 827 1153 1056 ectrarcuncurtiscentusunt

144 1064 184 1107 ac
203 1043 418 1126 tranquillam
439 1041 607 1107 fortunam
628 1041 783 1106 traheret
758 1045 812 1125 ιιι,
838 1064 910 1106 mea
931 1042 1051 1126 perfeci
1072 1041 1153 1126 vigi·

100 1147 131 1188 ιο
144 1130 258 1195 lautia.
302 1129 389 1195 Nam
411 1151 476 1213 me,
504 1151 600 1214 quem
627 1130 724 1213 paulo
752 1134 827 1196 ante
852 1130 984 1195 fortuna
1007 1133 1154 1194 erexerat

144 1217 186 1282 ad
204 1217 354 1302 gloriam,
376 1219 426 1284 cui
442 1217 547 1284 virtus
566 1217 706 1282 contulit
723 1218 860 1300 laudem,
878 1219 1017 1302 populus
1036 1218 1153 1282 tribuit

143 1305 316 1390 honorem,
338 1305 473 1371 eundem
495 1305 620 1370 tribuni
642 1306 732 1372 furor
754 1306 940 1391 exagitatus
964 1306 1089 1390 depulit
1112 1306 1153 1370 ad

144 1393 375 1459 calamitatem.
406 1392 567 1469 Quoniam
585 1393 860 1458 animadvertistis
879 1394 973 1458 illam
991 1393 1153 1478 conspira·
1241 1403 1253 1422 ⁶

144 1481 268 1546 tionem
296 1479 415 1546 conflat
400 1484 470 1546 tam
496 1482 544 1546 ita
566 1503 636 1547 esse
659 1483 862 1566 restinctum,
889 1485 926 1546 ut
953 1483 1046 1548 nulla
1073 1483 1153 1547 scin-

104 1587 132 1629 ιι
144 1569 220 1634 tilla
235 1572 422 1696 compareat
439 1569 611 1654 incendii,
604 1591 661 1636 vos
681 1591 807 1654 quoque
820 1533 1028 1692 tribuniciam
1043 1570 1153 1672 sedate

141 1746 234 1830 priua
262 1767 332 1810 esse
359 1749 503 1810 vestrum
534 1746 700 1830 professus
732 1750 782 1811 est
808 1689 1003 1832 inimicum),
1032 1769 1074 1810 ne
1106 1746 1154 1811 rei

143 1827 319 1900 crudelitas
347 1833 515 1916 experta
505 1855 541 1896 ιιι
567 1855 619 1898 me
645 1834 680 1897 in
703 1856 760 1900 vos
785 1835 991 1900 convalescat
1013 1838 1047 1898 et
1070 1834 1153 1900 cala·

144 1923 244 1988 mitae
266 1924 431 1987 remorata
452 1920 584 2006 longius
607 1923 717 2006 serpat
740 1944 778 1988 ac
798 1922 1040 2008 progrediatur,
1062 1943 1153 2008 prae·

102 2027 132 2068 eo
145 2013 266 2076 cavete.
309 2008 405 2075 Nunc
431 2010 483 2074 sel
510 2008 600 2073 solus
627 2008 770 2075 delectus
793 2011 834 2075 ad
857 2010 1025 2076 calamitat
1010 2013 1078 2075 tem
1099 2011 1153 2075 vel
1172 2027 1205 2075 ιι

144 2099 269 2201 primus
302 2097 343 2163 ad
373 2097 440 2162 tale
463 2099 622 2162 evocatus
649 2097 827 2181 periculum
855 2098 999 2164 omnium
1027 2098 1153 2164 animos

144 2186 216 2250 iure
235 2186 335 2252 debeo
343 2206 565 2251 ..commovere
596 2183 714 2250 Omnia
731 2190 808 2251 sunt
828 2187 966 2252 immuta
946 2189 1015 2270 ata3
1037 2208 1153 2252 manus

144 2273 327 2360 religantur
348 2273 390 2337 ad
412 2273 728 2338 demonstrandam
718 2274 870 2339 rniuriam
877 2275 1021 2359 ,lingua
1042 2274 1153 2340 incidi-

144 2364 201 2426 tur
223 2360 264 2425 ad
287 2359 519 2444 deplorandam
537 2361 766 2446 calamitatem,
790 2362 916 2428 animus
934 2362 1154 2464 praecluditur

104 2465 132 2506 ιι
141 2449 188 2514 ad
206 2447 426 2532 exponendam
444 2469 491 2512 ιιι
481 2447 745 2532 indignitatem
776 2448 918 2516 Humilit
903 2454 1007 2516 tatem
1027 2451 1154 2536 generis

140 2536 292 2604 obiciunt
313 2535 422 2620 nobis,
449 2535 505 2620 qui
526 2557 653 2601 novam
666 2537 828 2603 rationem
855 2539 1027 2623 suscitant,
1054 2539 1154 2604 maio·

145 2645 218 2690 rum
241 2624 396 2690 obterunt
417 2623 538 2688 laudes
575 2621 637 2688 sed
660 2625 737 2709 quid
760 2647 820 2710 ego
842 2626 938 2710 plura
960 2626 999 2690 de
1006 2626 1154 2696 illorum

146 2713 231 2778 aut
221 2735 256 2778 ιιι
273 2733 325 2778 me
343 2711 506 2778 maledict
481 2715 524 2777 trs
543 2711 626 2777 aut
616 2733 651 2776 ιιι
664 2734 723 2778 vos
737 2714 893 2778 scelerate
906 2714 1023 2798 loquar
1035 2715 1153 2780 factis?

146 2823 284 2886 quorum
320 2801 454 2887 cognita
488 2800 714 2885 improbitas
718 2822 771 2865 me
809 2804 936 2866 tacente
967 2803 1155 2888 coarguitur

106 2889 346 2974 cotuupitudine
370 2889 469 2973 vitae,
496 2892 533 2954 ut
561 2888 600 2953 de
626 2888 667 2954 iis
694 2909 762 2954 non
788 2889 832 2953 sit
853 2911 982 2954 necesse
1005 2890 1153 2958 inimicos

144 2977 344 3062 praedicare,
371 2978 411 3042 de
438 2998 575 3062 quorum
603 2977 723 3043 scelere
748 2998 790 3042 ne
817 2976 914 3043 amici
940 2977 1069 3061 quidem
1097 2983 1154 3044 aut

144 3065 210 3150 ipsi
232 3069 369 3148 possunt
390 3086 518 3151 negare.
554 3064 623 3130 Vos
646 3085 706 3151 ego
730 3064 867 3150 appello,
890 3086 1027 3148 quorum
1046 3066 1084 3131 dc
1103 3091 1154 3132 me
1173 3085 1206 3133 ιι
1266 3079 1267 3126 3

144 3151 287 3217 maxima
310 3155 361 3218 eat
382 3157 544 3238 potestas;
573 3153 660 3239 apud
685 3175 744 3219 vos
770 3152 887 3237 loquor
913 3152 953 3216 de
976 3174 1048 3218 mea
1071 3156 1153 3220 cala

144 3241 270 3324 mitate,
289 3240 488 3323 quoshabui
506 3263 633 3326 semper
645 3241 848 3307 innocentiae
862 3244 896 3306 et
914 3240 1044 3306 virtutis
1063 3264 1153 3308 meae

105 3332 256 3406 cr‘testes.
295 3327 402 3414 Igitur
424 3351 463 3393 ex
485 3329 618 3395 ciuitate
640 3331 722 3396 bene
745 3329 880 3396 meritus
904 3329 943 3394 de
965 3349 1000 3392 re
1022 3329 1192 3412 publicat

144 3417 223 3483 civis
247 3417 447 3500 exturbatur,
469 3416 622 3482 innocens
645 3419 826 3504 expellitur,
848 3417 1028 3484 consularis
1045 3417 1153 3503 homo,

144 3525 211 3569 non
243 3504 387 3570 minimis
419 3505 630 3571 facultatibus
662 3528 739 3572 usus
772 3508 934 3592 quondam
965 3505 1152 3592 amicorum,
