<?xml version="1.0" encoding="UTF-8"?>
<!DOCTYPE html PUBLIC "-//W3C//DTD XHTML 1.0 Transitional//EN"
    "http://www.w3.org/TR/xhtml1/DTD/xhtml1-transitional.dtd">
<html xmlns="http://www.w3.org/1999/xhtml" xml:lang="en" lang="en">
 <head>
  <title>
</title>
<meta http-equiv="Content-Type" content="text/html;charset=utf-8" />
  <meta name='ocr-system' content='tesseract 3.04.00' />
  <meta name='ocr-capabilities' content='ocr_page ocr_carea ocr_par ocr_line ocrx_word'/>
</head>
<body>
  <div class='ocr_page' id='page_1' title='image "./mtulliiciceroni04mlgoog_0384.png"; bbox 0 0 2570 3944; ppageno 0'>
   <div class='ocr_carea' id='block_1_1' title="bbox 1126 88 1145 178">
    <p class='ocr_par' dir='ltr' id='par_1_1' title="bbox 1126 88 1145 178">
     <span class='ocr_line' id='line_1_1' title="bbox 1126 88 1145 178; baseline 0 0"><span class='ocrx_word' id='word_1_1' title='bbox 1126 88 1145 178; x_wconf 83' lang='lat' dir='ltr'>t</span> 
     </span>
    </p>
   </div>
   <div class='ocr_carea' id='block_1_2' title="bbox 404 152 1146 288">
    <p class='ocr_par' dir='ltr' id='par_1_2' title="bbox 404 152 1146 288">
     <span class='ocr_line' id='line_1_2' title="bbox 404 152 1146 288; baseline 0.023 -65"><span class='ocrx_word' id='word_1_2' title='bbox 404 169 615 226; x_wconf 79' lang='lat' dir='ltr'>Purnosoen.</span> <span class='ocrx_word' id='word_1_3' title='bbox 634 169 664 226; x_wconf 80' lang='lat' dir='ltr'>a.</span> <span class='ocrx_word' id='word_1_4' title='bbox 683 169 709 224; x_wconf 79' lang='lat' dir='ltr'>v</span> <span class='ocrx_word' id='word_1_5' title='bbox 727 175 841 226; x_wconf 80' lang='lat' dir='ltr'>co-rs.</span> <span class='ocrx_word' id='word_1_6' title='bbox 1010 178 1032 288; x_wconf 55' lang='lat' dir='ltr'>p</span> <span class='ocrx_word' id='word_1_7' title='bbox 1064 152 1146 238; x_wconf 66' lang='lat'>321⁶</span> 
     </span>
    </p>
   </div>
   <div class='ocr_carea' id='block_1_3' title="bbox 13 331 1157 3656">
    <p class='ocr_par' dir='ltr' id='par_1_3' title="bbox 13 331 1157 3656">
     <span class='ocr_line' id='line_1_3' title="bbox 122 331 1130 418; baseline 0.003 -21"><span class='ocrx_word' id='word_1_8' title='bbox 122 332 207 398; x_wconf 91' lang='lat' dir='ltr'>cillis</span> <span class='ocrx_word' id='word_1_9' title='bbox 227 335 335 397; x_wconf 86' lang='lat' dir='ltr'>nutem</span> <span class='ocrx_word' id='word_1_10' title='bbox 353 335 403 396; x_wconf 86' lang='lat' dir='ltr'>est</span> <span class='ocrx_word' id='word_1_11' title='bbox 421 331 553 416; x_wconf 91' lang='lat' dir='ltr'>pudoris</span> <span class='ocrx_word' id='word_1_12' title='bbox 573 331 731 417; x_wconf 82' lang='lat' dir='ltr'>magister</span> <span class='ocrx_word' id='word_1_13' title='bbox 748 331 856 416; x_wconf 89' lang='lat' dir='ltr'>timor,</span> <span class='ocrx_word' id='word_1_14' title='bbox 879 333 982 416; x_wconf 90' lang='lat' dir='ltr'>quisi</span> <span class='ocrx_word' id='word_1_15' title='bbox 1001 333 1130 418; x_wconf 84' lang='lat' dir='ltr'>quando</span> 
     </span>
     <span class='ocr_line' id='line_1_4' title="bbox 123 418 1129 505; baseline 0.004 -21"><span class='ocrx_word' id='word_1_16' title='bbox 123 420 293 505; x_wconf 84' lang='lat' dir='ltr'>paululum</span> <span class='ocrx_word' id='word_1_17' title='bbox 321 419 500 502; x_wconf 84' lang='lat' dir='ltr'>aberravit,</span> <span class='ocrx_word' id='word_1_18' title='bbox 533 418 646 484; x_wconf 87' lang='lat' dir='ltr'>stetim</span> <span class='ocrx_word' id='word_1_19' title='bbox 678 439 735 503; x_wconf 85' lang='lat' dir='ltr'>spc</span> <span class='ocrx_word' id='word_1_20' title='bbox 762 419 967 504; x_wconf 83' lang='lat' dir='ltr'>impunitatis</span> <span class='ocrx_word' id='word_1_21' title='bbox 996 424 1129 488; x_wconf 85' lang='lat' dir='ltr'>exultet.</span> 
     </span>
     <span class='ocr_line' id='line_1_5' title="bbox 192 507 1129 590; baseline 0.004 -18"><span class='ocrx_word' id='word_1_22' title='bbox 192 509 242 572; x_wconf 74' lang='lat'>73.</span> <span class='ocrx_word' id='word_1_23' title='bbox 270 508 352 572; x_wconf 85' lang='lat' dir='ltr'>Nou.</span> <span class='ocrx_word' id='word_1_24' title='bbox 374 529 408 590; x_wconf 90' lang='lat' dir='ltr'>p.</span> <span class='ocrx_word' id='word_1_25' title='bbox 429 512 503 574; x_wconf 79' lang='grc'>384.</span> <span class='ocrx_word' id='word_1_26' title='bbox 525 510 571 572; x_wconf 83' lang='grc'>20</span> <span class='ocrx_word' id='word_1_27' title='bbox 596 508 644 572; x_wconf 87' lang='lat' dir='ltr'>M.</span> <span class='ocrx_word' id='word_1_28' title='bbox 674 507 797 572; x_wconf 84' lang='lat' dir='ltr'>Tullius</span> <span class='ocrx_word' id='word_1_29' title='bbox 820 542 862 554; x_wconf 90' lang='lat'>-</span> <span class='ocrx_word' id='word_1_30' title='bbox 888 509 924 573; x_wconf 86' lang='lat' dir='ltr'>ia</span> <span class='ocrx_word' id='word_1_31' title='bbox 946 508 1129 576; x_wconf 83' lang='lat' dir='ltr'>Hortensio:</span> 
     </span>
     <span class='ocr_line' id='line_1_6' title="bbox 123 594 1131 682; baseline 0.003 -22"><span class='ocrx_word' id='word_1_32' title='bbox 123 601 195 661; x_wconf 89' lang='lat' dir='ltr'>tum</span> <span class='ocrx_word' id='word_1_33' title='bbox 217 595 400 680; x_wconf 74' lang='lat' dir='ltr'>intellegas,</span> <span class='ocrx_word' id='word_1_34' title='bbox 422 617 520 679; x_wconf 85' lang='lat' dir='ltr'>quam</span> <span class='ocrx_word' id='word_1_35' title='bbox 542 594 624 660; x_wconf 91' lang='lat' dir='ltr'>illud</span> <span class='ocrx_word' id='word_1_36' title='bbox 646 616 713 661; x_wconf 93' lang='lat' dir='ltr'>non</span> <span class='ocrx_word' id='word_1_37' title='bbox 735 595 779 659; x_wconf 86' lang='lat' dir='ltr'>sit</span> <span class='ocrx_word' id='word_1_38' title='bbox 796 597 1021 681; x_wconf 83' lang='lat' dir='ltr'>necessarium,</span> <span class='ocrx_word' id='word_1_39' title='bbox 1045 599 1131 682; x_wconf 91' lang='lat' dir='ltr'>quod</span> 
     </span>
     <span class='ocr_line' id='line_1_7' title="bbox 96 683 292 748; baseline 0.02 -4"><span class='ocrx_word' id='word_1_40' title='bbox 96 683 292 748; x_wconf 75' lang='lat' dir='ltr'>eredundat.</span> 
     </span>
     <span class='ocr_line' id='line_1_8' title="bbox 192 771 1130 852; baseline 0.004 -17"><span class='ocrx_word' id='word_1_41' title='bbox 192 773 242 835; x_wconf 79' lang='lat'>74.</span> <span class='ocrx_word' id='word_1_42' title='bbox 256 771 337 837; x_wconf 84' lang='lat' dir='ltr'>Noa.</span> <span class='ocrx_word' id='word_1_43' title='bbox 346 793 380 852; x_wconf 90' lang='lat' dir='ltr'>p.</span> <span class='ocrx_word' id='word_1_44' title='bbox 393 775 448 838; x_wconf 85' lang='lat'>22.</span> <span class='ocrx_word' id='word_1_45' title='bbox 461 775 508 838; x_wconf 83' lang='lat'>22</span> <span class='ocrx_word' id='word_1_46' title='bbox 519 772 568 837; x_wconf 89' lang='lat' dir='ltr'>M.</span> <span class='ocrx_word' id='word_1_47' title='bbox 580 772 702 838; x_wconf 78' lang='lat' dir='ltr'>Tadius</span> <span class='ocrx_word' id='word_1_48' title='bbox 714 771 941 838; x_wconf 75' lang='lat' dir='ltr'>iuHortcusrt:</span> <span class='ocrx_word' id='word_1_49' title='bbox 956 771 997 838; x_wconf 80' lang='lat' dir='ltr'>ud</span> <span class='ocrx_word' id='word_1_50' title='bbox 1011 774 1130 841; x_wconf 83' lang='lat' dir='ltr'>iuveni·</span> 
     </span>
     <span class='ocr_line' id='line_1_9' title="bbox 123 851 1130 949; baseline 0.003 -25"><span class='ocrx_word' id='word_1_51' title='bbox 123 861 190 924; x_wconf 90' lang='lat' dir='ltr'>lem</span> <span class='ocrx_word' id='word_1_52' title='bbox 203 859 381 924; x_wconf 78' lang='lat' dir='ltr'>lubidinem</span> <span class='ocrx_word' id='word_1_53' title='bbox 390 851 708 944; x_wconf 80' lang='lat' dir='ltr'>copiavoluptatum,</span> <span class='ocrx_word' id='word_1_54' title='bbox 723 859 831 945; x_wconf 79' lang='lat' dir='ltr'>gliscit</span> <span class='ocrx_word' id='word_1_55' title='bbox 840 859 898 924; x_wconf 87' lang='lat' dir='ltr'>illa</span> <span class='ocrx_word' id='word_1_56' title='bbox 907 865 944 925; x_wconf 90' lang='lat' dir='ltr'>ut</span> <span class='ocrx_word' id='word_1_57' title='bbox 953 863 1039 949; x_wconf 78' lang='lat' dir='ltr'>ignis</span> <span class='ocrx_word' id='word_1_58' title='bbox 1049 863 1130 929; x_wconf 91' lang='lat' dir='ltr'>olco.</span> 
     </span>
     <span class='ocr_line' id='line_1_10' title="bbox 192 947 1132 1028; baseline 0.005 -17"><span class='ocrx_word' id='word_1_59' title='bbox 192 947 242 1013; x_wconf 77' lang='lat'>75.</span> <span class='ocrx_word' id='word_1_60' title='bbox 266 948 348 1013; x_wconf 86' lang='lat' dir='ltr'>Nou.</span> <span class='ocrx_word' id='word_1_61' title='bbox 369 969 402 1028; x_wconf 86' lang='lat' dir='ltr'>p.</span> <span class='ocrx_word' id='word_1_62' title='bbox 425 952 498 1014; x_wconf 80' lang='lat'><em>480.</em></span> <span class='ocrx_word' id='word_1_63' title='bbox 520 951 563 1013; x_wconf 85' lang='grc'>18</span> <span class='ocrx_word' id='word_1_64' title='bbox 588 948 636 1012; x_wconf 88' lang='lat' dir='ltr'>M.</span> <span class='ocrx_word' id='word_1_65' title='bbox 665 948 788 1013; x_wconf 83' lang='lat' dir='ltr'>Tullius</span> <span class='ocrx_word' id='word_1_66' title='bbox 814 949 850 1012; x_wconf 89' lang='lat' dir='ltr'>iu</span> <span class='ocrx_word' id='word_1_67' title='bbox 876 948 1059 1016; x_wconf 85' lang='lat' dir='ltr'>Hortensio:</span> <span class='ocrx_word' id='word_1_68' title='bbox 1087 950 1132 1016; x_wconf 87' lang='lat' dir='ltr'>Hi</span> 
     </span>
     <span class='ocr_line' id='line_1_11' title="bbox 123 1035 1092 1120; baseline 0.002 -19"><span class='ocrx_word' id='word_1_69' title='bbox 123 1035 230 1101; x_wconf 78' lang='lat' dir='ltr'>nostri</span> <span class='ocrx_word' id='word_1_70' title='bbox 253 1035 348 1100; x_wconf 90' lang='lat' dir='ltr'>amici</span> <span class='ocrx_word' id='word_1_71' title='bbox 370 1036 625 1100; x_wconf 75' lang='lat' dir='ltr'>verecundantur</span> <span class='ocrx_word' id='word_1_72' title='bbox 647 1035 735 1120; x_wconf 84' lang='lat' dir='ltr'>capti</span> <span class='ocrx_word' id='word_1_73' title='bbox 759 1035 929 1120; x_wconf 88' lang='lat' dir='ltr'>splendore</span> <span class='ocrx_word' id='word_1_74' title='bbox 952 1039 1092 1103; x_wconf 87' lang='lat' dir='ltr'>virtutis.</span> 
     </span>
     <span class='ocr_line' id='line_1_12' title="bbox 83 1123 1131 1210; baseline 0.006 -26"><span class='ocrx_word' id='word_1_75' title='bbox 83 1143 111 1184; x_wconf 79' lang='lat' dir='ltr'>ro</span> <span class='ocrx_word' id='word_1_76' title='bbox 193 1123 243 1188; x_wconf 77' lang='lat'>76.</span> <span class='ocrx_word' id='word_1_77' title='bbox 267 1123 349 1188; x_wconf 83' lang='lat' dir='ltr'>Nou.</span> <span class='ocrx_word' id='word_1_78' title='bbox 365 1145 400 1205; x_wconf 86' lang='lat' dir='ltr'>p.</span> <span class='ocrx_word' id='word_1_79' title='bbox 423 1127 494 1188; x_wconf 76' lang='lat'><strong><em>194.</em></strong></span> <span class='ocrx_word' id='word_1_80' title='bbox 517 1129 558 1188; x_wconf 85' lang='lat'>13</span> <span class='ocrx_word' id='word_1_81' title='bbox 579 1123 628 1188; x_wconf 88' lang='grc' dir='ltr'>Μ.</span> <span class='ocrx_word' id='word_1_82' title='bbox 652 1124 775 1188; x_wconf 81' lang='lat' dir='ltr'>Tullius</span> <span class='ocrx_word' id='word_1_83' title='bbox 797 1125 833 1188; x_wconf 86' lang='lat' dir='ltr'>iu</span> <span class='ocrx_word' id='word_1_84' title='bbox 854 1125 1037 1191; x_wconf 85' lang='lat' dir='ltr'>Hortensio:</span> <span class='ocrx_word' id='word_1_85' title='bbox 1067 1126 1131 1210; x_wconf 88' lang='lat' dir='ltr'>pri·</span> 
     </span>
     <span class='ocr_line' id='line_1_13' title="bbox 125 1210 1131 1295; baseline 0.005 -20"><span class='ocrx_word' id='word_1_86' title='bbox 125 1231 197 1275; x_wconf 85' lang='lat' dir='ltr'>mus</span> <span class='ocrx_word' id='word_1_87' title='bbox 220 1210 372 1275; x_wconf 78' lang='lat' dir='ltr'>balneolo</span> <span class='ocrx_word' id='word_1_88' title='bbox 395 1211 570 1295; x_wconf 78' lang='lat' dir='ltr'>suspendit,</span> <span class='ocrx_word' id='word_1_89' title='bbox 592 1210 725 1275; x_wconf 87' lang='lat' dir='ltr'>inclusit</span> <span class='ocrx_word' id='word_1_90' title='bbox 747 1210 861 1294; x_wconf 87' lang='lat' dir='ltr'>pisces.</span> <span class='ocrx_word' id='word_1_91' title='bbox 885 1247 926 1258; x_wconf 94' lang='lat'>—</span> <span class='ocrx_word' id='word_1_92' title='bbox 952 1213 1018 1279; x_wconf 75' lang='lat' dir='ltr'>Vae.</span> <span class='ocrx_word' id='word_1_93' title='bbox 1041 1215 1131 1280; x_wconf 78' lang='lat' dir='ltr'>Mes.</span> 
     </span>
     <span class='ocr_line' id='line_1_14' title="bbox 124 1297 1131 1382; baseline 0.005 -18"><span class='ocrx_word' id='word_1_94' title='bbox 124 1297 458 1381; x_wconf 79' lang='lat' dir='ltr'>IX1.10.Serpius</span> <span class='ocrx_word' id='word_1_95' title='bbox 477 1297 574 1363; x_wconf 74' lang='grc' dir='ltr'><em>Οναία</em></span> <span class='ocrx_word' id='word_1_96' title='bbox 589 1299 726 1380; x_wconf 77' lang='lat' dir='ltr'>persilio</span> <span class='ocrx_word' id='word_1_97' title='bbox 748 1300 869 1364; x_wconf 79' lang='lat' dir='ltr'>balinea</span> <span class='ocrx_word' id='word_1_98' title='bbox 887 1301 1011 1380; x_wconf 75' lang='lat' dir='ltr'>pmmus</span> <span class='ocrx_word' id='word_1_99' title='bbox 1030 1303 1131 1382; x_wconf 76' lang='lat' dir='ltr'>facem</span> 
     </span>
     <span class='ocr_line' id='line_1_15' title="bbox 124 1385 1131 1471; baseline 0.004 -20"><span class='ocrx_word' id='word_1_100' title='bbox 124 1388 268 1452; x_wconf 79' lang='lat' dir='ltr'>institerit.</span> <span class='ocrx_word' id='word_1_101' title='bbox 310 1385 395 1466; x_wconf 74' lang='lat' dir='ltr'>Quae</span> <span class='ocrx_word' id='word_1_102' title='bbox 415 1388 545 1469; x_wconf 88' lang='lat' dir='ltr'>iupeusa</span> <span class='ocrx_word' id='word_1_103' title='bbox 567 1387 680 1452; x_wconf 65' lang='lat' dir='ltr'>uritis</span> <span class='ocrx_word' id='word_1_104' title='bbox 701 1387 802 1452; x_wconf 87' lang='lat' dir='ltr'>iuitiis</span> <span class='ocrx_word' id='word_1_105' title='bbox 822 1393 925 1469; x_wconf 85' lang='lat' dir='ltr'>coepta</span> <span class='ocrx_word' id='word_1_106' title='bbox 946 1391 990 1454; x_wconf 83' lang='lat' dir='ltr'>ad</span> <span class='ocrx_word' id='word_1_107' title='bbox 1009 1409 1131 1471; x_wconf 87' lang='lat' dir='ltr'>suspeu-</span> 
     </span>
     <span class='ocr_line' id='line_1_16' title="bbox 21 1475 1157 1562; baseline 0.004 -23"><span class='ocrx_word' id='word_1_108' title='bbox 21 1495 27 1501; x_wconf 93' lang='lat'>·</span> <span class='ocrx_word' id='word_1_109' title='bbox 125 1494 178 1540; x_wconf 88' lang='lat' dir='ltr'>sae</span> <span class='ocrx_word' id='word_1_110' title='bbox 199 1475 316 1540; x_wconf 81' lang='lat' dir='ltr'>calidae</span> <span class='ocrx_word' id='word_1_111' title='bbox 333 1494 432 1556; x_wconf 81' lang='lat' dir='ltr'>aquae</span> <span class='ocrx_word' id='word_1_112' title='bbox 453 1479 573 1539; x_wconf 89' lang='lat' dir='ltr'>tautum</span> <span class='ocrx_word' id='word_1_113' title='bbox 595 1493 658 1540; x_wconf 83' lang='lat' dir='ltr'>rou</span> <span class='ocrx_word' id='word_1_114' title='bbox 675 1494 809 1556; x_wconf 77' lang='lat' dir='ltr'>aequora</span> <span class='ocrx_word' id='word_1_115' title='bbox 821 1478 1000 1556; x_wconf 65' lang='lat' dir='ltr'>peremant.</span> <span class='ocrx_word' id='word_1_116' title='bbox 1034 1478 1131 1561; x_wconf 83' lang='lat' dir='ltr'>Idem,</span> <span class='ocrx_word' id='word_1_117' title='bbox 1150 1553 1157 1562; x_wconf 42' lang='lat'>,</span> 
     </span>
     <span class='ocr_line' id='line_1_17' title="bbox 85 1561 1132 1644; baseline 0.009 -23"><span class='ocrx_word' id='word_1_118' title='bbox 85 1579 111 1622; x_wconf 83' lang='lat'>15</span> <span class='ocrx_word' id='word_1_119' title='bbox 125 1562 261 1628; x_wconf 74' lang='lat' dir='ltr'>meletiani</span> <span class='ocrx_word' id='word_1_120' title='bbox 284 1581 323 1626; x_wconf 89' lang='lat' dir='ltr'>uc</span> <span class='ocrx_word' id='word_1_121' title='bbox 348 1563 456 1644; x_wconf 68' lang='lat' dir='ltr'>wuum</span> <span class='ocrx_word' id='word_1_122' title='bbox 483 1561 621 1644; x_wconf 79' lang='lat' dir='ltr'>Neptuni</span> <span class='ocrx_word' id='word_1_123' title='bbox 651 1561 781 1627; x_wconf 85' lang='lat' dir='ltr'>arbitrio</span> <span class='ocrx_word' id='word_1_124' title='bbox 811 1563 976 1628; x_wconf 83' lang='lat' dir='ltr'>subiectam</span> <span class='ocrx_word' id='word_1_125' title='bbox 1002 1564 1132 1644; x_wconf 76' lang='lat' dir='ltr'>haberet,</span> 
     </span>
     <span class='ocr_line' id='line_1_18' title="bbox 119 1650 1131 1734; baseline 0.002 -19"><span class='ocrx_word' id='word_1_126' title='bbox 119 1650 296 1734; x_wconf 71' lang='lat' dir='ltr'>peculiaria</span> <span class='ocrx_word' id='word_1_127' title='bbox 317 1650 376 1714; x_wconf 83' lang='lat' dir='ltr'>sibi</span> <span class='ocrx_word' id='word_1_128' title='bbox 397 1650 501 1715; x_wconf 86' lang='lat' dir='ltr'>maria</span> <span class='ocrx_word' id='word_1_129' title='bbox 527 1651 707 1733; x_wconf 77' lang='lat' dir='ltr'>eccopitauit</span> <span class='ocrx_word' id='word_1_130' title='bbox 726 1652 892 1716; x_wconf 80' lang='lat' dir='ltr'>aestuariis</span> <span class='ocrx_word' id='word_1_131' title='bbox 914 1653 1131 1734; x_wconf 77' lang='lat' dir='ltr'>intercipiendo</span> 
     </span>
     <span class='ocr_line' id='line_1_19' title="bbox 125 1738 1132 1820; baseline 0.005 -18"><span class='ocrx_word' id='word_1_132' title='bbox 125 1739 236 1819; x_wconf 70' lang='lat' dir='ltr'>(tumus</span> <span class='ocrx_word' id='word_1_133' title='bbox 256 1738 447 1820; x_wconf 55' lang='lat' dir='ltr'>metumque</span> <span class='ocrx_word' id='word_1_134' title='bbox 472 1739 605 1804; x_wconf 83' lang='lat' dir='ltr'>diversos</span> <span class='ocrx_word' id='word_1_135' title='bbox 628 1758 731 1820; x_wconf 75' lang='lat' dir='ltr'>prepes</span> <span class='ocrx_word' id='word_1_136' title='bbox 757 1741 908 1819; x_wconf 77' lang='lat' dir='ltr'>separatis</span> <span class='ocrx_word' id='word_1_137' title='bbox 933 1741 1064 1806; x_wconf 87' lang='lat' dir='ltr'>molibus</span> <span class='ocrx_word' id='word_1_138' title='bbox 1084 1743 1132 1808; x_wconf 87' lang='lat' dir='ltr'>iu-</span> 
     </span>
     <span class='ocr_line' id='line_1_20' title="bbox 126 1826 1132 1910; baseline 0.001 -18"><span class='ocrx_word' id='word_1_139' title='bbox 126 1827 280 1904; x_wconf 84' lang='lat' dir='ltr'>cludeudo,</span> <span class='ocrx_word' id='word_1_140' title='bbox 299 1831 336 1890; x_wconf 86' lang='lat' dir='ltr'>ut</span> <span class='ocrx_word' id='word_1_141' title='bbox 351 1826 440 1891; x_wconf 84' lang='lat' dir='ltr'>uuita</span> <span class='ocrx_word' id='word_1_142' title='bbox 458 1831 523 1890; x_wconf 91' lang='lat' dir='ltr'>tam</span> <span class='ocrx_word' id='word_1_143' title='bbox 539 1844 631 1891; x_wconf 86' lang='lat' dir='ltr'>saera</span> <span class='ocrx_word' id='word_1_144' title='bbox 649 1831 806 1907; x_wconf 87' lang='lat' dir='ltr'>tempestas</span> <span class='ocrx_word' id='word_1_145' title='bbox 823 1827 973 1905; x_wconf 77' lang='lat' dir='ltr'>inciderit,</span> <span class='ocrx_word' id='word_1_146' title='bbox 990 1849 1053 1910; x_wconf 77' lang='lat' dir='ltr'>qua</span> <span class='ocrx_word' id='word_1_147' title='bbox 1069 1849 1132 1893; x_wconf 89' lang='lat' dir='ltr'>uou</span> 
     </span>
     <span class='ocr_line' id='line_1_21' title="bbox 128 1913 1132 1994; baseline 0 -14"><span class='ocrx_word' id='word_1_148' title='bbox 128 1913 242 1980; x_wconf 83' lang='lat' dir='ltr'>Oratae</span> <span class='ocrx_word' id='word_1_149' title='bbox 267 1933 389 1980; x_wconf 87' lang='lat' dir='ltr'>mensae</span> <span class='ocrx_word' id='word_1_150' title='bbox 413 1914 561 1978; x_wconf 88' lang='lat' dir='ltr'>uarietate</span> <span class='ocrx_word' id='word_1_151' title='bbox 584 1914 769 1994; x_wconf 82' lang='lat' dir='ltr'>ferculorum</span> <span class='ocrx_word' id='word_1_152' title='bbox 793 1913 992 1980; x_wconf 76' lang='lat' dir='ltr'>abundarent.</span> <span class='ocrx_word' id='word_1_153' title='bbox 1037 1917 1132 1982; x_wconf 84' lang='lat' dir='ltr'>Aedi·</span> 
     </span>
     <span class='ocr_line' id='line_1_22' title="bbox 85 2002 1133 2085; baseline 0.004 -23"><span class='ocrx_word' id='word_1_154' title='bbox 85 2020 112 2062; x_wconf 64' lang='grc' dir='ltr'>ιο</span> <span class='ocrx_word' id='word_1_155' title='bbox 124 2003 207 2084; x_wconf 75' lang='lat' dir='ltr'>ficiis</span> <span class='ocrx_word' id='word_1_156' title='bbox 232 2003 326 2067; x_wconf 68' lang='lat' dir='ltr'>aum</span> <span class='ocrx_word' id='word_1_157' title='bbox 351 2003 495 2082; x_wconf 79' lang='lat' dir='ltr'>spatiosis</span> <span class='ocrx_word' id='word_1_158' title='bbox 525 2006 554 2066; x_wconf 86' lang='lat' dir='ltr'>et</span> <span class='ocrx_word' id='word_1_159' title='bbox 583 2002 705 2068; x_wconf 61' lang='lat' dir='ltr'>eccems</span> <span class='ocrx_word' id='word_1_160' title='bbox 734 2002 852 2066; x_wconf 69' lang='lat' dir='ltr'>demta</span> <span class='ocrx_word' id='word_1_161' title='bbox 882 2003 925 2066; x_wconf 83' lang='lat' dir='ltr'>ad</span> <span class='ocrx_word' id='word_1_162' title='bbox 954 2003 989 2068; x_wconf 86' lang='lat' dir='ltr'>id</span> <span class='ocrx_word' id='word_1_163' title='bbox 1016 2009 1133 2085; x_wconf 72' lang='lat' dir='ltr'>terpus</span> 
     </span>
     <span class='ocr_line' id='line_1_23' title="bbox 16 2083 1131 2175; baseline 0.001 -19"><span class='ocrx_word' id='word_1_164' title='bbox 16 2083 20 2090; x_wconf 83' lang='grc'><strong>’</strong></span> <span class='ocrx_word' id='word_1_165' title='bbox 125 2110 183 2156; x_wconf 86' lang='lat' dir='ltr'>era</span> <span class='ocrx_word' id='word_1_166' title='bbox 203 2090 335 2156; x_wconf 78' lang='lat' dir='ltr'>Lucrini</span> <span class='ocrx_word' id='word_1_167' title='bbox 358 2091 443 2156; x_wconf 84' lang='lat' dir='ltr'>lacus</span> <span class='ocrx_word' id='word_1_168' title='bbox 458 2091 585 2172; x_wconf 78' lang='lat' dir='ltr'>pressit,</span> <span class='ocrx_word' id='word_1_169' title='bbox 611 2109 671 2170; x_wconf 78' lang='lat' dir='ltr'>quo</span> <span class='ocrx_word' id='word_1_170' title='bbox 697 2089 860 2154; x_wconf 79' lang='lat' dir='ltr'>recentiore</span> <span class='ocrx_word' id='word_1_171' title='bbox 884 2109 944 2156; x_wconf 88' lang='lat' dir='ltr'>usu</span> <span class='ocrx_word' id='word_1_172' title='bbox 966 2091 1131 2175; x_wconf 73' lang='lat' dir='ltr'>ematcplio-</span> 
     </span>
     <span class='ocr_line' id='line_1_24' title="bbox 125 2177 1132 2261; baseline 0.003 -19"><span class='ocrx_word' id='word_1_173' title='bbox 125 2198 198 2243; x_wconf 85' lang='lat' dir='ltr'>rum</span> <span class='ocrx_word' id='word_1_174' title='bbox 217 2178 388 2258; x_wconf 82' lang='lat' dir='ltr'>frueretur;</span> <span class='ocrx_word' id='word_1_175' title='bbox 417 2177 471 2242; x_wconf 79' lang='lat' dir='ltr'>ubi</span> <span class='ocrx_word' id='word_1_176' title='bbox 496 2177 572 2242; x_wconf 85' lang='lat' dir='ltr'>dum</span> <span class='ocrx_word' id='word_1_177' title='bbox 592 2197 624 2242; x_wconf 89' lang='lat' dir='ltr'>se</span> <span class='ocrx_word' id='word_1_178' title='bbox 640 2177 782 2259; x_wconf 83' lang='lat' dir='ltr'>publicae</span> <span class='ocrx_word' id='word_1_179' title='bbox 803 2197 902 2260; x_wconf 74' lang='lat' dir='ltr'>aquae</span> <span class='ocrx_word' id='word_1_180' title='bbox 923 2180 1064 2261; x_wconf 63' lang='lat' dir='ltr'>cummim</span> <span class='ocrx_word' id='word_1_181' title='bbox 1086 2181 1132 2244; x_wconf 80' lang='lat' dir='ltr'>iu</span> 
     </span>
     <span class='ocr_line' id='line_1_25' title="bbox 13 2264 1133 2350; baseline 0.001 -19"><span class='ocrx_word' id='word_1_182' title='bbox 13 2299 14 2342; x_wconf 62' lang='lat' dir='ltr'>r</span> <span class='ocrx_word' id='word_1_183' title='bbox 125 2267 243 2350; x_wconf 74' lang='lat' dir='ltr'>merpit,</span> <span class='ocrx_word' id='word_1_184' title='bbox 264 2285 334 2332; x_wconf 88' lang='lat' dir='ltr'>cum</span> <span class='ocrx_word' id='word_1_185' title='bbox 351 2264 494 2332; x_wconf 72' lang='lat' dir='ltr'>Oroudia</span> <span class='ocrx_word' id='word_1_186' title='bbox 506 2265 671 2348; x_wconf 83' lang='lat' dir='ltr'>publicaue</span> <span class='ocrx_word' id='word_1_187' title='bbox 689 2267 839 2332; x_wconf 89' lang='lat' dir='ltr'>iudicium</span> <span class='ocrx_word' id='word_1_188' title='bbox 857 2271 989 2332; x_wconf 82' lang='lat' dir='ltr'>raucius</span> <span class='ocrx_word' id='word_1_189' title='bbox 1006 2273 1057 2334; x_wconf 90' lang='lat' dir='ltr'>est.</span> <span class='ocrx_word' id='word_1_190' title='bbox 1089 2268 1133 2334; x_wconf 89' lang='lat' dir='ltr'>Iu</span> 
     </span>
     <span class='ocr_line' id='line_1_26' title="bbox 125 2352 1133 2436; baseline 0.002 -18"><span class='ocrx_word' id='word_1_191' title='bbox 125 2374 185 2435; x_wconf 80' lang='lat' dir='ltr'>quo</span> <span class='ocrx_word' id='word_1_192' title='bbox 202 2354 241 2418; x_wconf 84' lang='lat' dir='ltr'>L.</span> <span class='ocrx_word' id='word_1_193' title='bbox 255 2352 386 2420; x_wconf 80' lang='lat' dir='ltr'>Orasars</span> <span class='ocrx_word' id='word_1_194' title='bbox 403 2355 548 2418; x_wconf 76' lang='lat' dir='ltr'>adamas</span> <span class='ocrx_word' id='word_1_195' title='bbox 569 2353 660 2418; x_wconf 85' lang='lat' dir='ltr'>illum</span> <span class='ocrx_word' id='word_1_196' title='bbox 679 2373 804 2420; x_wconf 88' lang='lat' dir='ltr'>causam</span> <span class='ocrx_word' id='word_1_197' title='bbox 826 2374 919 2436; x_wconf 75' lang='lat' dir='ltr'>opens</span> <span class='ocrx_word' id='word_1_198' title='bbox 936 2375 1040 2420; x_wconf 87' lang='lat' dir='ltr'>errare</span> <span class='ocrx_word' id='word_1_199' title='bbox 1056 2357 1133 2420; x_wconf 91' lang='lat' dir='ltr'>ami·</span> 
     </span>
     <span class='ocr_line' id='line_1_27' title="bbox 87 2439 1132 2523; baseline 0.008 -23"><span class='ocrx_word' id='word_1_200' title='bbox 87 2459 113 2500; x_wconf 82' lang='lat' dir='ltr'>rs</span> <span class='ocrx_word' id='word_1_201' title='bbox 127 2462 197 2508; x_wconf 91' lang='lat' dir='ltr'>eum</span> <span class='ocrx_word' id='word_1_202' title='bbox 218 2461 310 2507; x_wconf 88' lang='lat' dir='ltr'>suum</span> <span class='ocrx_word' id='word_1_203' title='bbox 333 2439 513 2507; x_wconf 65' lang='lat' dir='ltr'>Onesimum</span> <span class='ocrx_word' id='word_1_204' title='bbox 534 2442 621 2518; x_wconf 80' lang='lat' dir='ltr'>dicit,</span> <span class='ocrx_word' id='word_1_205' title='bbox 643 2443 724 2523; x_wconf 80' lang='lat' dir='ltr'>quod</span> <span class='ocrx_word' id='word_1_206' title='bbox 738 2447 866 2523; x_wconf 85' lang='lat' dir='ltr'>putaret</span> <span class='ocrx_word' id='word_1_207' title='bbox 887 2441 1017 2508; x_wconf 88' lang='lat' dir='ltr'>Oratam</span> <span class='ocrx_word' id='word_1_208' title='bbox 1038 2463 1132 2508; x_wconf 88' lang='lat' dir='ltr'>remo·</span> 
     </span>
     <span class='ocr_line' id='line_1_28' title="bbox 127 2530 1134 2613; baseline 0.001 -18"><span class='ocrx_word' id='word_1_209' title='bbox 127 2535 194 2595; x_wconf 81' lang='lat' dir='ltr'>imru</span> <span class='ocrx_word' id='word_1_210' title='bbox 215 2551 236 2594; x_wconf 92' lang='lat' dir='ltr'>a</span> <span class='ocrx_word' id='word_1_211' title='bbox 258 2530 328 2594; x_wconf 85' lang='lat' dir='ltr'>lacu</span> <span class='ocrx_word' id='word_1_212' title='bbox 349 2530 521 2594; x_wconf 89' lang='lat' dir='ltr'>cariturum</span> <span class='ocrx_word' id='word_1_213' title='bbox 543 2531 664 2605; x_wconf 68' lang='lat' dir='ltr'>ostrea</span> <span class='ocrx_word' id='word_1_214' title='bbox 686 2549 819 2610; x_wconf 80' lang='lat' dir='ltr'>uamqrre</span> <span class='ocrx_word' id='word_1_215' title='bbox 838 2549 882 2611; x_wconf 89' lang='lat' dir='ltr'>eu,</span> <span class='ocrx_word' id='word_1_216' title='bbox 903 2531 933 2595; x_wconf 87' lang='lat' dir='ltr'>si</span> <span class='ocrx_word' id='word_1_217' title='bbox 950 2531 1022 2596; x_wconf 86' lang='lat' dir='ltr'>iude</span> <span class='ocrx_word' id='word_1_218' title='bbox 1032 2536 1134 2613; x_wconf 88' lang='lat' dir='ltr'>petere</span> 
     </span>
     <span class='ocr_line' id='line_1_29' title="bbox 126 2617 1134 2700; baseline 0 -17"><span class='ocrx_word' id='word_1_219' title='bbox 126 2637 190 2682; x_wconf 84' lang='lat' dir='ltr'>uon</span> <span class='ocrx_word' id='word_1_220' title='bbox 209 2618 348 2700; x_wconf 84' lang='lat' dir='ltr'>licuisset,</span> <span class='ocrx_word' id='word_1_221' title='bbox 365 2618 401 2681; x_wconf 86' lang='lat' dir='ltr'>iu</span> <span class='ocrx_word' id='word_1_222' title='bbox 419 2617 526 2700; x_wconf 74' lang='lat' dir='ltr'>tepulis</span> <span class='ocrx_word' id='word_1_223' title='bbox 542 2621 741 2699; x_wconf 85' lang='lat' dir='ltr'>reperturum.</span> <span class='ocrx_word' id='word_1_224' title='bbox 757 2653 795 2663; x_wconf 90' lang='lat'>-</span> <span class='ocrx_word' id='word_1_225' title='bbox 810 2617 976 2699; x_wconf 74' lang='lat' dir='ltr'>Aupustiu.</span> <span class='ocrx_word' id='word_1_226' title='bbox 995 2620 1030 2682; x_wconf 84' lang='lat' dir='ltr'>de</span> <span class='ocrx_word' id='word_1_227' title='bbox 1047 2619 1134 2683; x_wconf 84' lang='lat' dir='ltr'>beata</span> 
     </span>
     <span class='ocr_line' id='line_1_30' title="bbox 127 2703 1134 2788; baseline 0 -18"><span class='ocrx_word' id='word_1_228' title='bbox 127 2707 191 2770; x_wconf 82' lang='lat' dir='ltr'>uita</span> <span class='ocrx_word' id='word_1_229' title='bbox 203 2709 248 2771; x_wconf 88' lang='grc'>26</span> <span class='ocrx_word' id='word_1_230' title='bbox 263 2706 298 2770; x_wconf 81' lang='grc' dir='ltr'>Τ.</span> <span class='ocrx_word' id='word_1_231' title='bbox 312 2703 337 2769; x_wconf 95' lang='lat' dir='ltr'><strong><em>I</em></strong></span> <span class='ocrx_word' id='word_1_232' title='bbox 340 2726 375 2786; x_wconf 86' lang='lat' dir='ltr'>p.</span> <span class='ocrx_word' id='word_1_233' title='bbox 388 2709 452 2770; x_wconf 80' lang='lat'>230</span> <span class='ocrx_word' id='word_1_234' title='bbox 466 2703 494 2771; x_wconf 83' lang='lat'><strong><em>0</em></strong></span> <span class='ocrx_word' id='word_1_235' title='bbox 504 2703 582 2769; x_wconf 89' lang='lat' dir='ltr'>Beu.</span> <span class='ocrx_word' id='word_1_236' title='bbox 595 2705 688 2770; x_wconf 78' lang='lat' dir='ltr'>Auta.</span> <span class='ocrx_word' id='word_1_237' title='bbox 701 2704 876 2788; x_wconf 74' lang='lat' dir='ltr'>Fiupamus</span> <span class='ocrx_word' id='word_1_238' title='bbox 888 2705 1020 2786; x_wconf 65' lang='lat' dir='ltr'>airpuem</span> <span class='ocrx_word' id='word_1_239' title='bbox 1035 2706 1134 2784; x_wconf 85' lang='lat' dir='ltr'>talem,</span> 
     </span>
     <span class='ocr_line' id='line_1_31' title="bbox 127 2792 1135 2875; baseline 0 -17"><span class='ocrx_word' id='word_1_240' title='bbox 127 2793 247 2875; x_wconf 62' lang='lat' dir='ltr'>queam</span> <span class='ocrx_word' id='word_1_241' title='bbox 277 2793 399 2859; x_wconf 78' lang='lat' dir='ltr'>Tadius</span> <span class='ocrx_word' id='word_1_242' title='bbox 426 2793 523 2874; x_wconf 82' lang='lat' dir='ltr'>fuisse</span> <span class='ocrx_word' id='word_1_243' title='bbox 548 2793 624 2858; x_wconf 81' lang='lat' dir='ltr'>dicit</span> <span class='ocrx_word' id='word_1_244' title='bbox 650 2792 788 2858; x_wconf 87' lang='lat' dir='ltr'>Oratam.</span> <span class='ocrx_word' id='word_1_245' title='bbox 834 2793 910 2873; x_wconf 77' lang='lat' dir='ltr'>Ques</span> <span class='ocrx_word' id='word_1_246' title='bbox 936 2793 1019 2856; x_wconf 87' lang='lat' dir='ltr'>euim</span> <span class='ocrx_word' id='word_1_247' title='bbox 1042 2794 1135 2873; x_wconf 76' lang='lat' dir='ltr'>facile</span> 
     </span>
     <span class='ocr_line' id='line_1_32' title="bbox 88 2881 1134 2965; baseline 0 -19"><span class='ocrx_word' id='word_1_248' title='bbox 88 2897 114 2938; x_wconf 83' lang='lat' dir='ltr'>u</span> <span class='ocrx_word' id='word_1_249' title='bbox 128 2883 212 2946; x_wconf 83' lang='lat' dir='ltr'>dicat</span> <span class='ocrx_word' id='word_1_250' title='bbox 242 2881 373 2946; x_wconf 84' lang='lat' dir='ltr'>Oratma</span> <span class='ocrx_word' id='word_1_251' title='bbox 402 2885 528 2964; x_wconf 80' lang='lat' dir='ltr'>epestatc</span> <span class='ocrx_word' id='word_1_252' title='bbox 558 2881 722 2965; x_wconf 69' lang='lat' dir='ltr'>iaderam,</span> <span class='ocrx_word' id='word_1_253' title='bbox 755 2881 908 2948; x_wconf 79' lang='lat' dir='ltr'>homiuem</span> <span class='ocrx_word' id='word_1_254' title='bbox 938 2881 1134 2965; x_wconf 83' lang='lat' dir='ltr'>ditissimum,</span> 
     </span>
     <span class='ocr_line' id='line_1_33' title="bbox 127 2969 1135 3054; baseline 0 -20"><span class='ocrx_word' id='word_1_255' title='bbox 127 2971 385 3053; x_wconf 79' lang='lat' dir='ltr'>muoeurssimum,</span> <span class='ocrx_word' id='word_1_256' title='bbox 407 2969 681 3054; x_wconf 84' lang='lat' dir='ltr'>deliciosissimum,</span> <span class='ocrx_word' id='word_1_257' title='bbox 703 2969 754 3034; x_wconf 90' lang='lat' dir='ltr'>eui</span> <span class='ocrx_word' id='word_1_258' title='bbox 774 2989 869 3052; x_wconf 81' lang='lat' dir='ltr'>aeque</span> <span class='ocrx_word' id='word_1_259' title='bbox 889 2969 933 3034; x_wconf 83' lang='lat' dir='ltr'>ad</span> <span class='ocrx_word' id='word_1_260' title='bbox 952 2969 1135 3051; x_wconf 85' lang='lat' dir='ltr'>uoluptatem</span> 
     </span>
     <span class='ocr_line' id='line_1_34' title="bbox 126 3057 1134 3140; baseline 0.001 -19"><span class='ocrx_word' id='word_1_261' title='bbox 126 3059 294 3139; x_wconf 78' lang='lat' dir='ltr'>pruidqrcam</span> <span class='ocrx_word' id='word_1_262' title='bbox 316 3059 414 3137; x_wconf 85' lang='lat' dir='ltr'>defuit</span> <span class='ocrx_word' id='word_1_263' title='bbox 438 3077 533 3139; x_wconf 78' lang='lat' dir='ltr'>aeque</span> <span class='ocrx_word' id='word_1_264' title='bbox 558 3059 755 3140; x_wconf 69' lang='lat' dir='ltr'>adeuntium</span> <span class='ocrx_word' id='word_1_265' title='bbox 776 3077 871 3138; x_wconf 80' lang='lat' dir='ltr'>aeque</span> <span class='ocrx_word' id='word_1_266' title='bbox 892 3057 936 3121; x_wconf 87' lang='lat' dir='ltr'>ad</span> <span class='ocrx_word' id='word_1_267' title='bbox 956 3057 1067 3122; x_wconf 83' lang='lat' dir='ltr'>bouum</span> <span class='ocrx_word' id='word_1_268' title='bbox 1088 3059 1134 3122; x_wconf 88' lang='lat' dir='ltr'>iu·</span> 
     </span>
     <span class='ocr_line' id='line_1_35' title="bbox 128 3145 1136 3229; baseline 0 -19"><span class='ocrx_word' id='word_1_269' title='bbox 128 3151 301 3229; x_wconf 66' lang='lat' dir='ltr'>umaumue</span> <span class='ocrx_word' id='word_1_270' title='bbox 321 3145 545 3210; x_wconf 77' lang='lat' dir='ltr'>ualetudinem?</span> <span class='ocrx_word' id='word_1_271' title='bbox 567 3165 643 3210; x_wconf 85' lang='lat' dir='ltr'>ram</span> <span class='ocrx_word' id='word_1_272' title='bbox 659 3151 689 3210; x_wconf 91' lang='lat' dir='ltr'>ct</span> <span class='ocrx_word' id='word_1_273' title='bbox 703 3147 844 3228; x_wconf 83' lang='lat' dir='ltr'>praediis</span> <span class='ocrx_word' id='word_1_274' title='bbox 860 3146 1136 3226; x_wconf 73' lang='lat' dir='ltr'>quammesissimis</span> 
     </span>
     <span class='ocr_line' id='line_1_36' title="bbox 127 3233 1136 3317; baseline -0.001 -18"><span class='ocrx_word' id='word_1_275' title='bbox 127 3238 156 3299; x_wconf 90' lang='lat' dir='ltr'>et</span> <span class='ocrx_word' id='word_1_276' title='bbox 172 3235 282 3300; x_wconf 88' lang='lat' dir='ltr'>amicis</span> <span class='ocrx_word' id='word_1_277' title='bbox 300 3235 707 3316; x_wconf 79' lang='lat' dir='ltr'>iucundissimis,.quautum</span> <span class='ocrx_word' id='word_1_278' title='bbox 725 3233 823 3317; x_wconf 73' lang='lat' dir='ltr'>irtuit,</span> <span class='ocrx_word' id='word_1_279' title='bbox 839 3233 1009 3298; x_wconf 64' lang='lat' dir='ltr'>mandacii</span> <span class='ocrx_word' id='word_1_280' title='bbox 1025 3233 1136 3298; x_wconf 83' lang='lat' dir='ltr'>stillis</span> 
     </span>
     <span class='ocr_line' id='line_1_37' title="bbox 88 3321 1110 3404; baseline -0.003 -16"><span class='ocrx_word' id='word_1_281' title='bbox 88 3337 114 3379; x_wconf 73' lang='lat'>³⁵</span> <span class='ocrx_word' id='word_1_282' title='bbox 128 3322 268 3388; x_wconf 84' lang='lat' dir='ltr'>omuibus</span> <span class='ocrx_word' id='word_1_283' title='bbox 289 3323 446 3404; x_wconf 87' lang='lat' dir='ltr'>aptissime</span> <span class='ocrx_word' id='word_1_284' title='bbox 466 3322 654 3386; x_wconf 83' lang='lat' dir='ltr'>adsalutem</span> <span class='ocrx_word' id='word_1_285' title='bbox 674 3322 808 3404; x_wconf 87' lang='lat' dir='ltr'>corporis</span> <span class='ocrx_word' id='word_1_286' title='bbox 829 3340 905 3388; x_wconf 88' lang='lat' dir='ltr'>usus</span> <span class='ocrx_word' id='word_1_287' title='bbox 927 3325 983 3403; x_wconf 87' lang='lat' dir='ltr'>est,</span> <span class='ocrx_word' id='word_1_288' title='bbox 1005 3321 1110 3404; x_wconf 78' lang='lat' dir='ltr'>ciusqu</span> 
     </span>
     <span class='ocr_line' id='line_1_38' title="bbox 126 3410 1109 3492; baseline 0 -18"><span class='ocrx_word' id='word_1_289' title='bbox 126 3410 310 3476; x_wconf 76' lang='lat' dir='ltr'>utbreviter</span> <span class='ocrx_word' id='word_1_290' title='bbox 332 3415 427 3476; x_wconf 74' lang='lat' dir='ltr'>utum</span> <span class='ocrx_word' id='word_1_291' title='bbox 449 3410 604 3492; x_wconf 82' lang='lat' dir='ltr'>auplicem,</span> <span class='ocrx_word' id='word_1_292' title='bbox 632 3429 719 3474; x_wconf 85' lang='lat' dir='ltr'>omae</span> <span class='ocrx_word' id='word_1_293' title='bbox 740 3410 917 3474; x_wconf 77' lang='lat' dir='ltr'>institutam</span> <span class='ocrx_word' id='word_1_294' title='bbox 938 3410 1109 3476; x_wconf 80' lang='lat' dir='ltr'>uoluntateu</span> 
     </span>
     <span class='ocr_line' id='line_1_39' title="bbox 126 3499 903 3580; baseline -0.001 -17"><span class='ocrx_word' id='word_1_295' title='bbox 126 3518 183 3579; x_wconf 79' lang='lat' dir='ltr'>que</span> <span class='ocrx_word' id='word_1_296' title='bbox 205 3519 323 3564; x_wconf 83' lang='lat' dir='ltr'>omrem</span> <span class='ocrx_word' id='word_1_297' title='bbox 344 3499 488 3564; x_wconf 87' lang='lat' dir='ltr'>successio</span> <span class='ocrx_word' id='word_1_298' title='bbox 504 3517 654 3580; x_wconf 85' lang='lat' dir='ltr'>prospera</span> <span class='ocrx_word' id='word_1_299' title='bbox 676 3502 831 3564; x_wconf 81' lang='lat' dir='ltr'>consecuta</span> <span class='ocrx_word' id='word_1_300' title='bbox 852 3501 903 3563; x_wconf 87' lang='lat' dir='ltr'>est.</span> 
     </span>
     <span class='ocr_line' id='line_1_40' title="bbox 182 3607 972 3656; baseline 0.006 -5"><span class='ocrx_word' id='word_1_301' title='bbox 182 3609 326 3652; x_wconf 79' lang='lat' dir='ltr'>e1c.1v.c.</span> <span class='ocrx_word' id='word_1_302' title='bbox 939 3607 972 3656; x_wconf 80' lang='lat'>21</span> 
     </span>
    </p>
   </div>
   <div class='ocr_carea' id='block_1_4' title="bbox 0 0 1300 3944">
    <p class='ocr_par' dir='ltr' id='par_1_4' title="bbox 0 0 1300 3944">
     <span class='ocr_line' id='line_1_41' title="bbox 0 0 1300 3944; baseline 0 0"><span class='ocrx_word' id='word_1_303' title='bbox 0 0 1300 3944; x_wconf 95' lang='lat' dir='ltr'> </span> 
     </span>
    </p>
   </div>
  </div>
 </body>
</html>
