2504 3950
157 169 202 233 46
552 167 602 224 DE
620 166 772 224 orrtcns

158 331 208 397 uti
229 331 343 418 lingua
364 331 483 398 Latina
504 332 718 416 putabantur3
745 351 843 395 sonus
872 333 942 394 erat
969 329 1088 413 dulcis,
1118 330 1179 396 lit·

157 423 247 485 torae
268 441 373 504 neque
396 441 566 506 expressae
583 440 687 504 nequo
705 439 889 505 oppressae,
911 439 952 482 ne
975 422 1034 485 aut
1056 419 1180 485 obscu-

157 529 231 573 rum
262 512 349 574 esset
380 512 438 573 aut
473 507 635 593 putidum,
671 506 740 572 sine
776 505 983 573 contentione
1014 528 1079 572 vox
1110 529 1179 574 nec

158 595 316 681 languens
344 617 404 662 nec
431 617 558 662 canora.
602 593 743 662 Uberior
770 594 877 660 oratio
903 593 939 658 L.
967 592 1079 660 Crassi
1110 616 1179 662 nec

157 683 265 749 minus
283 683 399 768 faceta,
421 684 477 750 sed
496 684 578 750 beno
595 681 749 767 loquendi
768 682 807 748 de
825 679 951 748 Catulis
970 682 1080 767 opinio
1103 704 1179 749 non
1207 701 1222 742 s

157 770 273 845 minor.
322 770 397 838 Sale
427 793 504 838 vero
537 775 570 837 et
600 771 728 837 facetiis
758 767 904 855 Caesar,
922 768 1034 836 Catuli
1064 772 1178 856 patris

156 859 272 942 frater,
303 861 382 926 vicit
414 881 540 943 omnes,
571 863 609 924 ut
639 861 675 924 in
704 859 764 923 illo
796 858 869 944 ipso
900 858 1024 924 forensi
1051 880 1178 945 genere

158 946 283 1012 dicendi
315 948 537 1013 contentiones
569 947 709 1013 aliorum
740 967 889 1013 sermone
922 945 1076 1013 vinceret.
1133 946 1178 1014 In

158 1035 308 1100 omnibus
335 1035 437 1122 igitur
464 1035 517 1101 his
544 1035 778 1101 elaborandum
804 1038 867 1117 est,
898 1034 989 1100 siin
1015 1036 1108 1102 omni
1137 1057 1177 1102 re

106 1137 158 1188 134
172 1122 248 1206 quid
272 1123 384 1190 deceat
406 1123 613 1209 exquirimus.
654 1120 705 1189 Sit
727 1143 806 1210 ergo
829 1123 883 1188 hio
906 1143 1022 1208 sermo,
1044 1123 1081 1190 in
1105 1146 1175 1209 quo
1192 1142 1220 1182 1⁰

159 1207 315 1278 Socratici
337 1212 477 1278 maxime
500 1212 671 1296 excellunt,
693 1211 776 1278 lenis
795 1210 991 1296 minimeque
1008 1212 1177 1298 pertinax,

157 1299 238 1366 insit
254 1299 289 1365 in
308 1321 346 1366 eo
366 1302 470 1386 lepos3
491 1321 551 1366 nec
573 1322 661 1384 vero,
682 1303 851 1384 tamquam
873 1299 910 1364 in
928 1299 1177 1384 possessionem

158 1409 250 1454 suam
268 1390 403 1473 venerit,
421 1389 572 1456 excludat
589 1388 682 1473 alios,
700 1388 756 1454 sed
775 1409 848 1453 oum
865 1387 1001 1472 reliquis
1013 1388 1050 1454 iu
1063 1388 1176 1474 rebus,

157 1480 228 1543 tum
251 1477 286 1544 in
308 1498 457 1544 sermone
479 1477 642 1543 communi
663 1475 920 1542 vicissitudinem
937 1497 1005 1542 non
1021 1476 1176 1560 iniquam

157 1566 265 1648 putet3
288 1585 325 1630 ao
342 1565 452 1630 videat
472 1565 507 1630 in
529 1565 654 1649 primis,
677 1564 794 1648 quibus
817 1563 857 1629 de
879 1562 976 1629 rebus
1000 1565 1217 1651 loquatur31⁵

157 1652 186 1716 si
209 1650 311 1736 seriis,
334 1651 542 1718 severitatem
565 1651 727 1735 adhibeat,
750 1653 779 1717 si
801 1652 928 1734 iocosis,
951 1653 1112 1738 leporem3
1139 1655 1177 1720 in

156 1739 334 1823 primisque
355 1740 539 1825 provideat,
561 1761 601 1806 ne
624 1761 731 1806 sermo
754 1740 871 1806 vitium
894 1740 1027 1824 aliquod
1049 1741 1177 1809 indicet

156 1827 262 1892 inesse
288 1828 323 1892 in
350 1828 510 1912 moribus3
540 1827 626 1913 quod
652 1849 802 1896 maxume
829 1832 901 1894 tum
923 1829 1008 1895 solet
1030 1831 1176 1915 evanue,

157 1937 231 1982 oum
254 1916 398 1983 studiose
421 1917 460 1982 de
483 1917 672 1983 absentibus
696 1916 886 1982 detrahendi
909 1938 1007 1983 causa
1029 1921 1088 1984 aut
1112 1941 1175 2004 per

156 2004 329 2069 ridiculum
346 2007 405 2071 aut
423 2026 533 2072 severe
550 2005 706 2072 maledice
724 2005 1020 2089 contumelioseque
1039 2005 1173 2074 dicitur.
1188 2023 1215 2064 ²⁰

105 2105 156 2154 135
170 2091 343 2157 Habentur
369 2097 479 2160 autem
506 2093 697 2177 plerumque
725 2115 889 2158 sermones
902 2096 974 2166 ,aut
999 2093 1038 2159 de
1061 2093 1175 2162 dome

157 2179 248 2244 sticis
270 2179 412 2263 negotiis
436 2184 493 2246 aut
515 2180 555 2247 de
573 2203 608 2247 re
626 2181 758 2266 publica
777 2185 834 2248 aut
853 2180 892 2246 de
910 2181 1032 2246 artium
1050 2183 1174 2249 studiis

157 2270 255 2351 atque
278 2266 433 2334 doctrina.
477 2267 596 2334 Danda
616 2269 719 2356 igitur
741 2290 841 2354 opera
867 2273 932 2353 est,
959 2273 1008 2353 ut,
1037 2271 1174 2338 etiamsi

156 2354 309 2420 aberrare
336 2354 377 2420 ad
404 2355 471 2422 alia
497 2358 652 2442 coeperit,
680 2356 721 2422 ad
748 2357 829 2424 haec
855 2361 1024 2424 revocetur
1052 2361 1173 2444 oratio,

157 2441 214 2508 sed
240 2445 414 2526 utcumque
442 2443 592 2528 aderunt3
621 2466 725 2529 noque
758 2445 844 2510 enim
872 2445 976 2512 isdem
1003 2446 1042 2513 de
1069 2447 1172 2514 robus
1187 2463 1212 2506 ²⁵

155 2551 215 2596 nec
237 2530 326 2596 omni
348 2535 496 2616 tempore
517 2553 578 2599 neo
600 2532 752 2599 similiter
770 2532 976 2600 delectamur.
1012 2533 1173 2602 Animad-

155 2617 346 2685 vertendum
373 2623 424 2685 est
451 2621 563 2704 etiam,
595 2624 754 2704 quatenus
783 2642 889 2688 sermo
918 2621 1172 2690 delectationem
1241 2699 1242 2702 Ἴ

155 2706 287 2859 halpieat
308 2710 351 2791 et,
373 2710 411 2773 ut
432 2707 607 2793 incipiendi
628 2710 713 2776 ratio
735 2709 844 2792 fuerit,
866 2709 914 2776 ita
937 2709 981 2775 sit
999 2709 1172 2778 desinendi
1241 2715 1242 2731 ³

156 2816 210 2862 mo
232 2816 280 2862 us.

102 2851 154 2978 ᾗῇ
222 2880 285 2948 Sed
308 2905 372 2968 quo
396 2884 491 2950 modo
510 2885 546 2950 in
564 2886 741 2951 omni'vita
758 2885 938 2952 rectissime
958 2887 1170 2973 praecipitur,
1184 2904 1210 2946 ω

155 2974 192 3036 ut
206 2971 469 3056 perturbationes
487 2971 662 3059 fugiamus,
679 2973 712 3038 id
731 2977 782 3038 est
800 2977 909 3040 motus
928 2975 1029 3040 animi
1045 2976 1169 3044 nimios

154 3058 276 3125 rationi
306 3079 372 3124 non
404 3062 684 3145 optemperantes,
721 3061 768 3126 sic
800 3061 869 3127 eius
901 3063 989 3128 modi
1020 3064 1170 3130 motibus

155 3167 261 3212 sermo
285 3147 381 3214 debet
402 3168 531 3232 vacue,
556 3170 597 3215 ne
625 3153 682 3216 aut
708 3149 759 3214 ira
781 3149 901 3216 existat
923 3155 981 3216 aut
1004 3151 1169 3237 cupiditas

154 3233 266 3318 aliqua
287 3238 346 3300 aut
367 3235 504 3322 pigritia
525 3241 583 3302 aut
604 3236 738 3324 ignavia
760 3240 818 3303 aut
840 3239 908 3304 tale
926 3238 1050 3324 aliquid
1068 3262 1169 3325 appa·

153 3324 235 3404 reat,
257 3321 460 3406 maximeque
478 3323 657 3391 curandum
674 3328 733 3408 est,
750 3328 788 3390 ut
806 3346 870 3409 eos,
891 3327 1083 3411 quibuscum
1101 3349 1167 3393 ser-
1181 3344 1207 3388 ss

154 3427 284 3474 monem
311 3409 526 3494 conferemus,
558 3415 593 3478 ot
619 3413 724 3479 vereri
756 3417 789 3478 et
821 3413 956 3500 diligere
988 3415 1167 3482 videamur.

154 3494 406 3582 Obiurgationes
434 3498 534 3564 etiam
560 3519 628 3566 uon
650 3522 828 3585 numquam
850 3501 998 3568 incidunt
1018 3524 1168 3570 neeessa-
