2578 3950
170 167 233 230 192
463 164 616 220 LAELIUS
635 164 684 217 DE
702 163 868 218 AMICITIA

169 330 348 410 deantur;
379 327 473 392 illos
504 347 635 392 verum
663 347 776 410 saepe
804 325 943 409 dicere,
975 325 1044 390 hos
1074 347 1178 391 num·

169 415 299 501 quam?
326 415 437 497 Atque
455 414 538 480 illud
556 413 741 497 absurdum,
759 413 845 498 quod
867 413 900 496 ii,
919 413 975 497 qui
996 418 1177 498 monentur,

169 526 241 570 eam
259 503 453 586 molestiam,
475 525 573 587 quam
592 502 710 566 debent
729 523 851 586 capere,
870 523 936 566 non
950 502 1091 587 capiunt,
1106 525 1177 568 eam

169 593 311 678 capiunt,
334 613 398 676 qua
420 590 539 656 debent
561 611 690 672 vacare;
712 610 861 674 peccasse
881 589 966 653 enim
988 612 1022 654 se
1040 613 1106 656 non
1125 613 1178 656 an·
1238 657 1240 662 ,

169 684 300 766 guntur,
327 679 494 764 obiurgari
521 679 658 744 moleste
685 677 807 761 ferunt3
835 677 921 762 quod
944 682 1058 744 eontra
1085 701 1177 764 opor·
1204 695 1216 736 ⁵

170 769 271 850 tebet,
294 768 412 832 delicto
431 767 550 850 dolere,
573 765 770 857 correctione
793 766 942 851 gaudere.

117 836 160 962 ἓξ)
236 854 284 920 Ut
306 855 407 940 igitur
431 857 464 918 et
487 874 617 920 monere
636 857 670 918 et
687 853 812 918 moneri
829 853 998 938 proprium
1017 857 1178 919 estserae
1285 903 1286 906 η

171 943 332 1009 amicitiae
351 947 385 1007 et
404 944 542 1006 alterum
561 942 662 1006 libere
680 941 795 1024 facere,
812 962 879 1006 non
892 963 1015 1026 aspere,
1038 943 1179 1007 alterum

169 1031 331 1116 patienter
352 1030 504 1114 accipere,
527 1051 593 1094 non
611 1032 839 1116 repugnanter,
861 1029 906 1104 sio
925 1029 1109 1095 habendum
1128 1035 1178 1095 est

168 1119 295 1183 nullam
316 1118 352 1183 in
374 1117 526 1184 amicitiis
549 1120 674 1202 pestem
703 1139 773 1182 esse
796 1117 952 1184 maiorem
981 1139 1078 1202 quam
1104 1119 1179 1183 adu·
1193 1137 1218 1177 ιο

169 1207 342 1290 lationem,
369 1205 577 1288 blanditiam,
609 1205 880 1292 adsentationem
913 1207 1061 1290 quamvis
1093 1207 1179 1272 enim

170 1295 282 1360 multis
314 1294 499 1360 nominibus
532 1297 582 1358 est
613 1293 675 1360 hoc
704 1293 821 1382 vitium
850 1293 1030 1360 notandum
1059 1295 1180 1360 levium

169 1383 338 1448 hominum
362 1387 458 1467 atque
485 1381 653 1448 fallacinm
678 1381 719 1446 ad
747 1381 950 1447 voluntatem
977 1382 1180 1466 loquentium

117 1487 151 1537 99
171 1472 288 1554 omnia,
307 1470 390 1534 nihil
409 1471 450 1534 ad
467 1471 647 1548 veritatem.
680 1467 762 1534 Cum
782 1472 890 1535 autem
909 1469 1053 1535 omnium
1072 1493 1179 1536 rerum

171 1557 337 1623 simulatio
359 1557 479 1623 vitiosa
502 1561 552 1622 est
579 1555 682 1641 (tollit
705 1557 791 1621 enim
813 1557 965 1623 iudicium
988 1559 1057 1623 veri
1080 1559 1176 1642 idque
1192 1575 1216 1617 1⁵
1285 1559 1286 1570 ’

171 1643 358 1731 adulterat),
377 1649 447 1709 tum
466 1645 628 1713 amicitiae
642 1649 804 1731 repugnat
818 1645 970 1729 maxime,
990 1645 1075 1711 delet
1094 1649 1179 1712 enim
1285 1696 1286 1719 ,

170 1734 356 1816 veritatem,
387 1734 455 1798 sine
479 1755 543 1818 qua
565 1755 683 1798 nomen
706 1733 867 1799 amicitiae
890 1734 998 1799 valere
1020 1755 1086 1799 non
1108 1740 1180 1820 pot·

171 1825 229 1887 est.
270 1819 357 1886 Nam
380 1844 453 1886 cum
473 1821 638 1896 amicitiae
660 1821 710 1886 vis
734 1821 777 1886 sit
800 1822 835 1885 in
857 1843 904 1905 eo,
927 1826 964 1886 ut
982 1843 1066 1886 unus
1085 1824 1180 1907 quasi

171 1910 298 1975 animus
321 1910 380 1975 fiat
403 1931 441 1974 ex
464 1909 622 1994 pluribus,
646 1909 701 1993 qui
724 1909 757 1972 id
779 1909 850 1973 fieri
872 1909 1007 1994 poterit,
1031 1911 1059 1974 si
1080 1932 1120 1975 ne
1144 1911 1180 1976 in

171 2020 235 2063 uno
255 1998 384 2082 quidem
403 2019 530 2081 quoque
548 2019 630 2061 unus
651 1997 776 2061 animus
797 1997 858 2062 erit
876 1997 1024 2082 idemque
1043 2020 1180 2085 semper,
1194 2016 1220 2056 2⁰

118 2101 152 2149 93
172 2086 229 2149 sed
242 2086 362 2168 verine,
381 2085 631 2168 commutabilis,
650 2085 844 2170 multiplex?
868 2084 951 2160 Quid
965 2086 1052 2151 enim
1069 2091 1179 2171 potest

171 2193 242 2236 esse
264 2176 333 2236 tam
356 2171 507 2254 flexibile,
529 2175 598 2236 tam
617 2173 746 2238 devium
764 2195 862 2256 quam
881 2173 1008 2238 animus
1027 2175 1104 2253 eius,
1123 2177 1180 2259 qui
1285 2251 1286 2254 Ἴ

171 2259 212 2324 ad
244 2259 378 2323 alterius
411 2280 477 2325 non
510 2260 606 2325 modo
639 2281 768 2325 sensum
800 2283 838 2326 ac
869 2262 1085 2348 voluntatem,
1122 2263 1180 2329 sed

171 2348 270 2413 etiam
293 2347 420 2412 vultum
444 2351 541 2432 atque
564 2352 680 2414 nutum
704 2349 924 2415 convertitur?

214 2434 246 2500 N
252 2437 342 2520 egat
356 2434 456 2519 quis,
469 2455 582 2520 nego;
600 2436 667 2521 att,
687 2436 760 2521 ai03
778 2441 975 2522 postremo
989 2434 1180 2525 imperavi

775 2527 927 2611 egome't
950 2525 1045 2592 mihi
1194 2542 1220 2584 2⁵
1285 2563 1286 2568 κ

216 2593 352 2678 Omnia
376 2610 587 2690 adsentari,

171 2702 209 2763 ut
232 2699 279 2763 ait
302 2698 387 2764 idem
411 2698 591 2782 Terentius,
615 2701 671 2765 sed
692 2700 749 2765 ille
772 2699 1011 2766 iannathonis
1030 2723 1180 2786 persona,

119 2801 153 2850 94
172 2787 258 2870 quod
276 2787 373 2852 amici
391 2807 492 2872 genus
512 2787 664 2852 adhibere
683 2787 813 2854 omnino
829 2789 973 2854 levitatis
993 2793 1051 2855 est.
1080 2789 1181 2855 Multi
1285 2791 1286 2794 ’

172 2879 280 2939 antem
295 2872 505 2940 Gnathonum
520 2875 642 2940 similes
657 2898 729 2941 cum
744 2877 810 2942 sint
826 2876 908 2961 loco,
929 2876 1072 2961 fortuna,
1090 2877 1180 2944 fama

172 2962 362 3046 superiores,
384 2963 502 3028 horum
525 2966 575 3028 est
598 2963 780 3029 adsentatio
800 2965 948 3048 molesta,
971 2987 1043 3032 cum
1064 2965 1104 3030 ad
1121 2988 1179 3032 va·
1194 2983 1223 3023 ³⁰
1284 3033 1286 3058 ,

119 3048 309 3116 sanitatem
336 3051 472 3116 accessit
504 3051 690 3117 auctoritas.
735 3049 863 3118 Secerni
896 3057 1006 3119 autem
1038 3053 1179 3119 blandus
1285 3069 1286 3116 l

172 3139 293 3204 amicus
317 3161 337 3204 a
358 3160 435 3204 vero
459 3142 492 3206 et
515 3139 691 3205 internosci
713 3144 782 3204 tam
805 3143 915 3226 potest
938 3139 1086 3207 adhibita
1109 3141 1180 3206 dili·
1285 3151 1286 3156 ’

171 3226 284 3310 gentis
307 3249 404 3310 quam
423 3227 532 3293 omnia
545 3227 655 3295 fucata
674 3230 706 3293 et
725 3228 879 3294 simulata
893 3252 913 3295 a
927 3229 1061 3295 sinceris
1082 3235 1180 3315 atque

170 3313 264 3376 veris.
310 3311 436 3398 (lontio,
460 3337 542 3400 quae
565 3338 604 3380 ex
626 3317 878 3401 imperitissimis
901 3320 1045 3403 constat,
1068 3324 1181 3384 tamen

170 3399 312 3465 iudicare
335 3402 434 3487 solet,
463 3403 539 3487 qnid
566 3403 696 3468 intersit
725 3404 810 3469 inter
836 3405 1044 3490 popularem,
1072 3407 1105 3472 id
1129 3411 1181 3474 est
1196 3423 1224 3464 ³⁵

172 3485 410 3552 adsentatoram
444 3493 476 3554 et
504 3491 608 3558 levem
638 3493 753 3577 civem,
786 3497 819 3558 et
849 3493 934 3558 inter
965 3499 1180 3581 constantem,
