2570 3944
388 198 601 258 PHILOSOPH.
620 199 651 255 s.
670 200 696 254 v
714 205 827 256 er-er.
1051 199 1116 265 325

105 361 238 428 Mortuo
263 363 340 444 quin
366 363 459 427 niem
485 362 628 444 tnnpebot
652 381 779 444 corporo
801 359 898 444 victa]
920 363 1002 442 qnod
1021 380 1117 442 snpra

106 451 222 517 ninom
238 454 290 534 est,
307 451 389 531 qnod
402 447 504 515 cneo
522 451 615 515 etium
628 451 664 514 ln
677 449 843 514 Hortensio
856 450 893 514 cle
907 449 1016 514 meos
1028 451 1117 514 necte.

106 571 150 586 «-
180 537 247 604 Vol.
269 539 360 603 Mon.
378 536 475 604 IX2
496 542 552 604 ent.
574 543 616 603 10
637 537 686 604 Ae
712 557 750 602 ne
771 537 899 602 Etrusci
920 539 1042 620 quidem
1058 558 1118 620 pa·

106 647 179 691 enne
202 626 315 706 feroces
337 627 373 689 ln
389 645 493 708 poeno
513 626 724 708 montaneo,
752 626 807 707 qni
828 627 967 690 oleorum
989 645 1118 708 corporo

79 713 306 780 scodocntoas
327 714 454 778 odoerso
474 713 609 779 adversis
626 714 670 778 oll
669 715 756 796 lpoto
772 718 862 794 otone
879 714 1050 796 constituto,
1072 715 1118 779 tto

106 807 143 868 nt
164 801 304 884 stnpnloe
329 801 532 866 moerorum
554 805 660 882 portes
681 801 812 884 stnpnle's
832 806 930 866 essent
950 764 1118 867 odeornono·

107 890 207 971 datae,
229 889 374 954 tabescere
391 889 486 955 strnnl
498 889 697 970 potiebantur
716 891 820 954 emori
842 891 922 954 ottae
938 892 1060 1015 puriter¹
1082 910 1119 956 oe

107 939 217 1044 mortis
239 981 372 1043 tortores.

175 1065 226 1129 96.
255 1064 337 1130 Non
359 1068 469 1147 1242
493 1065 584 1130 7Μ.
609 1064 770 1131 Ynllo'ns'
757 1085 793 1130 en
814 1064 999 1130 Hortensio:
1026 1064 1118 1130 Vidit

67 1172 94 1212 ιο
108 1152 210 1236 enim,
242 1152 328 1236 quod
359 1151 532 1217 videndum
564 1151 643 1236 fuit,
675 1152 883 1236 adpendicem
915 1153 1015 1217 animi
1048 1174 1119 1218 esse

77 1351 80 1357 ·
108 1241 828 1411 0011&,Amugpspmfflvmzagnffl
853 1327 945 1410 erp.
960 1330 1118 1411 eernsq.

107 1415 349 1499 Bandobene.
365 1416 461 1482 Hono
478 1417 743 1498 contemplativam
759 1417 944 1498 sapientiam
958 1453 1000 1463 —
1015 1415 1118 1483 Oioero

109 1505 325 1571 commendans
346 1505 382 1570 e'n
402 1505 465 1586 fine
486 1505 602 1586 dlolopo‘
622 1505 802 1570 Hortensii:
828 1502 916 1579 Quae
938 1503 1048 1589 nobis,
1070 1507 1118 1570 ln-

69 1611 97 1654 ιι
108 1594 184 1676 qno't,
207 1592 274 1658 dies
297 1596 474 1676 noctesque
495 1592 774 1659 considerantibus
797 1593 1049 1678 acuentibusque
1072 1593 1119 1657 in·

108 1681 343 1768 tellegentiem,
365 1703 448 1766 quae
471 1685 522 1746 est
540 1681 658 1746 mentis
678 1681 773 1764 ecies,
795 1681 1057 1782 caventibusque,
1078 1702 1119 1746 ne

109 1769 239 1854 quando
261 1769 321 1834 illa
342 1768 505 1854 hebescat,
527 1769 561 1833 id
579 1769 657 1833 est
647 1790 681 1833 ur
699 1768 956 1853 philosophie
925 1772 1036 1835 iuvent
1022 1768 1119 1853 tibus,

110 1860 492 2012 ttttttttttl
514 1856 1119 2029 thmntlnntznnr

69 2052 96 2093 ao
110 2034 299 2098 muneribus
321 2032 471 2098 humanis
494 2054 643 2098 occasum
665 2053 770 2116 neque
791 2032 964 2096 molestam
984 2032 1120 2098 exstinc-

111 2123 235 2187 tionem
253 2124 286 2186 et
304 2121 397 2206 quasi
415 2121 556 2205 quietem
574 2121 662 2186 ritae
683 2121 754 2186 fore
772 2124 838 2205 eut,
861 2120 899 2204 si,
920 2124 958 2185 ut
977 2121 1119 2205 antiquis

111 2208 327 2294 philosophis,
349 2210 453 2293 iisque
475 2209 626 2274 maximis
649 2209 810 2294 longeque
829 2208 1029 2293 clarissimis,
1051 2209 1120 2293 pla-

18 2305 20 2370 l
111 2297 192 2380 cuit,
220 2301 368 2362 aeternos
392 2297 517 2362 animos
541 2319 578 2363 ao
601 2297 726 2362 divinos
748 2296 921 2382 habemus,
944 2298 991 2362 sic
1013 2296 1120 2360 existi-

18 2383 19 2464 Ϊ
112 2385 266 2450 mendum
298 2389 364 2468 est,
397 2407 460 2469 quo
493 2385 598 2470 magis
630 2385 666 2448 hi
696 2385 818 2449 fuerint
845 2407 972 2470 semper
999 2384 1033 2448 in
1061 2405 1120 2448 suo

73 2488 100 2530 ²⁵
114 2493 218 2556 cursu,
240 2473 275 2537 id
297 2477 348 2538 est
369 2473 404 2537 in
426 2472 552 2537 ratione
575 2476 608 2536 et
630 2471 850 2557 investigandi
873 2473 1065 2557 cupiditate,
1088 2475 1122 2536 et

113 2582 177 2645 quo
206 2560 312 2626 minus
341 2581 375 2626 se
403 2560 632 2624 admiscuerint
655 2564 753 2643 atque
775 2560 994 2645 implicuerint
1018 2560 1121 2624 homi-

111 2670 191 2713 num
212 2648 302 2713 vitiis
326 2652 359 2712 et
382 2648 559 2731 erroribus,
581 2646 644 2712 hoc
665 2647 706 2711 iis
728 2646 908 2712 faciliorem
931 2646 1121 2712 adscensum

114 2739 147 2800 et
169 2735 308 2800 reditum
331 2736 366 2800 in
388 2737 513 2801 caelum
535 2734 614 2800 fore.
645 2735 766 2801 Deinde
782 2735 898 2800 oddone
919 2734 1000 2800 bono
1020 2737 1122 2816 ipson

113 2824 285 2890 olonenlom
310 2825 524 2907 repetendoque
549 2843 718 2888 sermonem
747 2823 876 2906 finnus:
908 2821 1123 2907 Quapropter,

73 2929 99 2970 eo
113 2913 231 2994 lnquit,
262 2915 300 2976 ut
332 2912 505 2995 aliquando
538 2911 731 2976 terminetur
763 2911 885 2994 oratio,
922 2910 950 2974 si
983 2913 1040 2975 cut
1072 2931 1122 2974 ex-

113 2999 237 3084 stingui
260 2999 436 3084 tranquille
458 2999 619 3083 solumne,
641 3021 714 3065 eum
736 2999 771 3064 in
793 2998 844 3063 his
864 2998 990 3063 artibus
1009 2997 1123 3061 vixeri-

112 3109 199 3170 mus,
231 3091 289 3152 aut
316 3088 344 3151 si
373 3109 410 3151 ex
437 3086 499 3153 hac
525 3087 561 3152 in
588 3087 687 3152 eliam
714 3086 802 3152 haud
828 3087 927 3171 paulo
955 3085 1123 3150 meliorem

113 3174 245 3239 domum
278 3175 346 3240 sine
379 3196 471 3239 moro
503 3174 698 3260 demigrare,
729 3175 764 3239 in
795 3175 847 3239 his
879 3173 995 3239 studiis
1026 3173 1123 3238 nobis

113 3261 219 3326 omnis
230 3284 333 3347 opere
347 3266 380 3327 et
394 3284 471 3328 curn
487 3262 637 3347 ponenda
651 3266 709 3326 cst.
719 3292 762 3310 -·-
775 3261 930 3328 Olonde'ns
940 3262 1123 3326 Taurinam.

72 3365 98 3407 δῦ
107 3351 210 3432 praefi
223 3355 416 3416 oomnrenton.
431 3351 474 3415 od
485 3352 570 3433 e1n'st.
583 3349 680 3416 Ponti
697 3351 734 3416 ln
745 3350 832 3416 Mali
845 3352 959 3434 soreptt.
976 3353 1043 3416 oett
1056 3369 1123 3414 noo.

112 3437 178 3503 coll.
192 3458 209 3503 c
221 3439 304 3504 codd.
324 3438 405 3504 Vott.
420 3436 530 3521 VIIp.
544 3441 611 3506 274
620 3459 663 3520 sp.
677 3436 766 3514 Quae
779 3438 874 3504 nobis
889 3471 931 3484 -
946 3474 989 3486 —
1003 3458 1124 3523 magne

113 3545 187 3610 spes
207 3529 258 3590 est
275 3531 304 3591 et
321 3524 391 3590 Aut
409 3527 446 3611 si,
464 3529 501 3590 ut
520 3526 663 3611 antiquis
681 3562 724 3574 —
741 3563 784 3574 -
803 3525 1046 3612 cumponenda
1065 3528 1123 3589 est.
