2504 3950
335 141 402 198 nra.
420 142 455 196 11.
494 141 569 199 cnr.
589 149 666 199 s-r.
703 149 718 210 s
738 151 849 200 1c-sa
1054 143 1096 209 63

93 323 217 368 morsus
224 351 233 386 ‚
265 304 423 389 impetus3
454 304 534 370 haec
565 327 660 393 ergo,
691 310 730 372 ut
760 307 840 392 dixi,
871 309 1005 374 rariora.
1050 306 1096 372 At
1114 322 1150 374 20

92 411 165 455 vero
197 391 350 457 interitus
378 393 588 478 exercituum,
619 398 656 460 ut
682 397 828 480 proxime
854 396 968 480 trium,
1001 417 1097 481 saepe

92 479 281 565 multorum,
313 480 420 545 clades
446 481 694 566 imperatorum,
725 487 763 548 ut
788 503 891 568 nuper
918 484 1036 549 summi
1064 486 1097 548 et

91 566 266 652 singularis
293 568 370 653 viri,
396 569 537 634 invidiae
562 574 731 655 praeterea
758 571 975 637 multitudinis
999 575 1096 655 atque

69 654 128 718 rob
146 677 203 720 eas
222 656 305 721 bene
323 657 513 722 meritorum
532 678 628 743 saepe
646 658 764 723 civium
782 659 996 743 expulsiones,
1013 660 1097 724 cala·

90 741 233 826 udatus,
256 742 367 830 fugae,
389 766 565 829 rursusque
588 745 833 830 emundantes,
859 746 1012 829 honores,
1038 746 1096 810 im-

89 831 190 915 peria,
213 831 383 916 victoriae,
406 854 603 917 quamquam
624 834 761 899 fortrita
783 839 872 919 sunt,
895 839 1004 900 tamen
1028 835 1096 898 sine

89 918 257 984 hominum
285 920 401 1005 opibus
429 925 462 985 et
489 921 604 986 studiis
631 925 780 987 neutram
804 922 840 987 in
861 927 989 1008 partem
1012 921 1097 986 effici

58 1007 932 1163 10lli&lala{indubitatatlt
956 1031 1096 1163 ‘llus

89 1188 184 1267 atque
204 1183 347 1248 excitare
364 1185 535 1268 possimus.
571 1182 659 1259 Quae
678 1185 707 1250 si
719 1186 849 1271 longior
865 1185 964 1250 fuerit
981 1186 1096 1268 oratio,

88 1292 155 1336 oum
184 1271 412 1356 magnitudine
439 1272 594 1337 utilitatis
626 1277 845 1356 comparetur3
875 1273 924 1336 ita
955 1272 1096 1337 fortasse

88 1359 186 1424 etiam
209 1359 344 1424 brevior
365 1359 536 1425 videbitur.

148 1445 382 1531 Quaecumque
408 1448 509 1532 igitur
540 1447 687 1514 hominos
718 1448 842 1514 homini
873 1448 1023 1514 tribuunt
1056 1447 1097 1512 ed
1114 1463 1148 1512 21

56 1534 368 1636 1⁵oum-augendum
391 1535 757 1635 atquehonestandum,
780 1540 836 1600 aut
859 1535 1096 1636 benivqlentiao

87 1621 1097 1796 stabulalulitbaldradestat?Stati

87 1797 221 1886 dignum
234 1797 370 1864 fortuna
383 1819 481 1881 quam
495 1798 697 1883 amplissima
714 1802 841 1883 putant,
859 1803 916 1863 aut
930 1799 982 1863 cui
999 1799 1095 1864 fidem

86 1885 209 1952 habent
232 1888 267 1951 et
289 1885 370 1951 bene
393 1885 490 1950 rebus
513 1885 580 1950 suis
602 1887 769 1951 consulere
797 1886 1011 1968 arbitrentur,
1039 1889 1097 1949 aut

54 1975 175 2040 ²⁰cuius
199 1994 280 2060 oper
304 1976 465 2058 metuunt,
488 1977 545 2038 aut
568 1977 695 2058 contra,
718 1995 738 2038 a
761 1973 877 2057 quibus
901 1971 1023 2056 aliquid
1045 1992 1096 2036 ex-

87 2065 247 2147 spectant,
265 2064 303 2125 ut
320 2082 393 2126 cum
406 2082 500 2148 reges
513 2061 728 2147 popularesve
741 2061 889 2126 homiues
903 2060 1095 2146 largitiones

87 2150 213 2236 aliquas
242 2153 443 2234 proponunt,
474 2153 531 2214 aut
559 2152 724 2234 postremo
752 2149 857 2233 pretio
886 2169 922 2213 ac
950 2148 1095 2213 mercede

88 2237 262 2320 ducuntur,
289 2258 372 2320 quac
399 2236 621 2302 sordidissima
648 2241 698 2301 est
719 2236 779 2301 illa
802 2236 931 2321 quidem
954 2237 1039 2301 ratio
1062 2239 1097 2299 et
1163 2259 1167 2266 ·

88 2324 352 2411 inquinatissima
374 2324 479 2408 otiis,
503 2324 559 2408 qui
581 2328 802 2408 catenantur,
824 2327 858 2388 et
879 2324 956 2406 illis,
980 2324 1036 2408 qui
1054 2323 1096 2386 ad

54 2424 76 2464 ²⁵
88 2434 155 2479 eam
174 2411 354 2498 confugere
372 2415 542 2496 conantur3
561 2412 646 2476 male
660 2412 746 2477 enim
764 2433 799 2476 se
815 2433 868 2478 res
885 2411 994 2494 habet,
1014 2431 1095 2494 cum,
1114 2424 1147 2474 ra

88 2501 171 2585 quod
193 2501 319 2566 virtuto
342 2498 426 2566 effici
449 2499 558 2584 debet,
586 2499 619 2565 id
641 2503 822 2583 temptatur
843 2500 988 2585 pecunia.
1033 2496 1096 2565 Sed

89 2590 242 2672 quoniam
273 2607 340 2652 non
370 2609 548 2671 numquam
578 2587 641 2652 hoc
672 2586 852 2652 subsidium
879 2587 1095 2651 necessarium

90 2682 146 2762 est,
180 2697 280 2761 quem
313 2675 354 2740 ad
385 2675 517 2740 modum
545 2675 588 2738 sit
614 2674 770 2740 utendum
798 2695 850 2757 eo,
882 2673 1037 2756 dicemus,
1069 2673 1097 2736 si

89 2766 173 2848 prius
196 2764 242 2828 iis
266 2762 438 2846 derebus,
461 2784 543 2847 quae
566 2763 681 2828 virtuti
703 2762 872 2847 propiores
895 2764 984 2845 sunt,
1012 2760 1095 2824 dixe·

55 2853 197 2919 ³⁰rimus
244 2851 355 2934 Atque
387 2851 486 2916 etiam
519 2850 683 2915 subiciunt
713 2872 748 2915 se
779 2849 927 2914 homines
958 2847 1095 2932 imperio

90 2940 221 3006 alterius
256 2942 290 3004 et
320 2939 479 3022 potestati
511 2937 549 3003 de
582 2937 687 3003 causis
718 2937 876 3023 pluribus.
925 2936 1095 3002 Ducuntur

91 3029 171 3094 euim
200 3030 259 3092 snt
286 3025 508 3091 benivolentia
534 3029 591 3090 aut
616 3024 846 3090 beneficiorum
873 3023 1095 3110 magnitudine

90 3121 140 3181 aut
158 3114 334 3202 dignitatis
353 3113 555 3198 praestantia
573 3116 630 3177 aut
649 3134 706 3197 spe
725 3113 788 3177 sibi
805 3112 839 3176 id
856 3113 937 3176 utile
949 3110 1095 3176 futurum

91 3208 141 3268 aut
163 3207 272 3287 metu,
293 3221 336 3266 ne
357 3201 391 3265 vi
413 3221 527 3285 parere
549 3203 722 3286 cogantur,
749 3203 807 3265 aut
830 3220 887 3284 spe
909 3198 1095 3284 largitionis

57 3290 322 3373 ³⁶promissisque
344 3289 432 3373 capti
455 3291 512 3354 aut
534 3293 714 3373 postremo,
743 3291 781 3351 ut
808 3308 903 3371 saepe
926 3287 960 3350 in
982 3290 1096 3351 nostra

91 3378 268 3464 republica
286 3375 441 3460 videmus,
460 3376 604 3441 mercede
623 3375 780 3441 conducti.
816 3375 967 3439 Omnium
987 3377 1095 3438 autem
1113 3417 1148 3464 23

91 3485 193 3531 rerum
219 3485 281 3530 nec
308 3463 416 3549 aptius
444 3467 494 3528 cst
521 3464 692 3547 quiequam
720 3463 760 3526 ad
787 3483 865 3545 opes
892 3461 1028 3526 tuendas
1057 3479 1094 3521 ao

1115 3341 1133 3405 Ἰ
