2504 3950
145 174 187 239 80
537 175 586 229 DE
604 172 754 230 omens

143 337 224 403 tatis
248 337 382 423 gradus,
406 337 452 402 sic
473 336 570 403 hunis
594 336 748 403 scientiae
771 333 924 421 splendor
947 333 1074 399 deletus
1098 338 1164 418 est,

143 425 240 510 idque
254 446 292 490 eo
311 425 485 512 indignius,
504 425 591 510 quod
609 445 646 489 eo
664 428 812 509 ternpore
830 424 892 489 hoc
910 421 1060 508 contigit,
1083 443 1163 488 cum

143 514 172 578 is
191 517 286 596 esset,
305 514 361 598 qui
379 533 491 580 omnes
505 513 698 598 superiores,
717 512 836 596 quibus
849 512 971 576 honore
984 531 1047 596 pue
1061 513 1163 593 esset,

144 602 281 667 scientia
301 602 397 668 facile
419 602 560 668 vicisset.
595 601 685 666 Haec
707 601 811 686 igitur
834 621 933 684 opera
955 603 1055 685 grata
1076 599 1162 664 mul-

144 690 188 754 tis
215 694 250 755 et
276 691 318 756 ad
344 690 508 756 beneficiis
532 688 782 773 obstringendos
805 687 953 754 homines
976 707 1162 753 accommo
1189 707 1202 748 s

92 797 126 846 oo
146 778 231 844 data.
275 777 385 863 Atque
412 779 488 844 huie
515 779 579 844 arti
601 777 753 860 finituma
774 781 824 842 est
848 775 973 842 dcendi
996 776 1161 862 [gravior]

40 898 43 902 ·
145 867 284 932 facultas
308 871 341 932 et
365 867 490 954 gratior
513 871 548 931 et
569 865 723 932 ornatior.
760 864 843 940 Quid
862 865 949 929 enim
969 863 1162 948 eloquentia

8 1007 12 1013 .
144 955 375 1040 praestabilius
402 955 456 1020 vel
483 955 697 1020 admiratione
725 952 924 1018 audientium
951 952 1005 1017 vel
1030 973 1090 1037 spe
1112 952 1160 1016 in·

145 1043 325 1128 digentium
348 1043 401 1108 vel
424 1064 544 1121 eorum,
568 1043 624 1127 qui
646 1041 771 1106 defensi
793 1045 879 1125 sunt,
902 1039 1034 1126 mutia?
1071 1038 1159 1106 Huic

146 1133 300 1232 [quoque]
315 1152 393 1217 ergo
408 1153 429 1196 a
441 1131 620 1197 maioribus
632 1131 756 1196 nostris
771 1129 870 1196 estin
887 1133 968 1230 toga
984 1127 1159 1229 dignitatis
1174 1149 1201 1189 lo

144 1223 346 1394 inludit?
358 1219 510 1394 ,ltin
529 1215 1161 1394 dsstnbt'mllfldsmttssll

146 1417 259 1462 causas
287 1401 323 1463 et
347 1419 414 1464 non
441 1401 576 1483 gisum
603 1401 638 1460 et
664 1395 810 1482 metuito
837 1392 1039 1459 defendentis
1062 1394 1160 1458 bene-

92 1502 125 1553 67
144 1485 218 1552 ficia
240 1489 274 1550 et
296 1486 478 1572 patrocinia
495 1485 562 1551 lete
580 1488 703 1570 palem.
740 1482 947 1548 Admonebat
965 1503 1016 1548 me
1034 1503 1098 1566 ros,
1121 1485 1161 1547 ut

144 1574 206 1640 hoc
225 1595 353 1657 quoque
371 1574 442 1639 loco
461 1573 738 1638 intermissionem
755 1570 969 1656 eloquentiae,
990 1591 1032 1635 ne
1050 1570 1159 1636 dicam
1174 1589 1200 1630 ir

144 1663 324 1744 interitum,
345 1661 563 1747 deplorarem,
586 1661 621 1725 ni
643 1681 781 1745 vererer,
802 1681 844 1724 ne
866 1658 905 1723 de
928 1680 980 1724 me
1002 1658 1076 1744 ipso
1100 1658 1159 1724 ali-
1246 1731 1247 1742 ,

145 1749 222 1833 quid
244 1749 371 1814 viderer
398 1750 497 1833 queri.
543 1747 606 1814 Sed
632 1753 743 1814 umen
771 1746 931 1831 videmus,
959 1747 1077 1831 quibus
1106 1767 1160 1812 ex·
1246 1749 1247 1766 ¹

145 1837 274 1905 stinctis
302 1837 488 1904 oratoribus
514 1859 613 1922 quam
640 1837 676 1902 in
701 1836 814 1922 paucis
846 1857 934 1920 spes,
965 1839 1090 1920 quanto
1122 1835 1159 1900 in

144 1927 351 2013 paucioribus
369 1925 520 2011 facultas,
538 1948 636 2012 quam
653 1926 690 1990 in
707 1925 821 1990 multis
841 1924 885 1989 sit
903 1923 1045 1991 audacia
1073 1921 1158 1990 cum

145 2019 254 2082 autem
272 2036 384 2081 omnes
400 2037 469 2082 non
490 2015 627 2099 possint,
649 2035 690 2079 nc
713 2013 810 2079 multi
833 2013 973 2098 quidem,
996 2015 1054 2078 aut
1075 2011 1157 2078 ἰωὴ
1172 2031 1200 2072 ro

143 2104 242 2187 periti
273 2124 344 2168 esse
376 2108 434 2168 aut
466 2102 592 2186 diserti,
623 2101 700 2166 licet
731 2107 841 2168 tamen
874 2122 973 2186 opera
1001 2100 1158 2186 prodesse

144 2191 257 2256 multis
283 2191 441 2256 beneficia
464 2193 644 2275 petentem,
676 2189 956 2256 commendantem
986 2189 1158 2267 iudicibus,

144 2278 410 2364 magistratibus,
436 2278 630 2364 vigilantem
652 2300 713 2363 pro
736 2300 773 2342 re
798 2278 949 2362 altanus,
974 2298 1029 2342 eos
1056 2277 1159 2362 ipsos,

145 2367 200 2452 qui
227 2371 285 2432 aut
310 2367 524 2433 consuluntur
551 2371 609 2432 aut
636 2366 824 2450 defendunt,
852 2369 1037 2452 rogantem
1069 2365 1159 2450 qnod

145 2456 200 2540 qui
217 2455 350 2534 faciunt,
371 2455 550 2541 plurimum
569 2455 694 2542 gratiae
713 2459 962 2538 consequuntur,
982 2453 1158 2520 latissime·
1172 2471 1199 2512 2⁵

91 2559 125 2608 os
145 2565 207 2628 que
229 2564 341 2610 eornm
363 2546 477 2610 manat
498 2543 668 2608 industria.
711 2541 784 2609 Iam
806 2541 887 2608 illud
912 2563 980 2608 non
1002 2546 1079 2608 sunt
1101 2541 1158 2607 ad-

144 2631 296 2697 monendi
323 2633 387 2715 (est
416 2631 503 2697 enim
534 2631 569 2697 in
600 2630 784 2718 promptu),
815 2635 854 2696 nt
884 2631 1157 2716 animadvertant,

144 2742 218 2788 cum
244 2720 356 2786 iuvare
384 2720 467 2786 alios
493 2720 611 2805 uelint,
642 2741 684 2785 no
716 2741 798 2805 quos
830 2720 1005 2785 offendunt.
1051 2717 1156 2804 Saepe

144 2809 230 2874 enim
253 2812 310 2874 aut
333 2829 388 2874 eos
409 2809 551 2894 laedunt,
575 2829 657 2892 quos
673 2830 741 2874 non
759 2809 887 2892 debent,
909 2812 966 2874 aut
985 2829 1050 2891 eos,
1072 2829 1156 2892 quos

142 2919 209 2962 non
227 2897 370 2981 expedit3
393 2897 423 2962 si
440 2896 659 2983 inprudentes,
681 2897 909 2983 neglegentiae
928 2900 987 2980 est,
1005 2897 1035 2961 si
1052 2895 1156 2962 scien·
1171 2911 1198 2954 a

143 2989 210 3067 tes,
236 2985 441 3050 temeritatis.
486 2984 652 3050 Utendum
675 2985 775 3050 etiam
798 2988 849 3050 est
871 2985 1077 3051 excusatione
1100 2984 1157 3050 ad·

143 3093 255 3139 versus
279 3095 348 3158 eos,
376 3094 457 3157 quos
479 3073 601 3138 invitus
629 3072 787 3157 offendas,
816 3095 1015 3158 quacumque
1038 3074 1159 3159 possis,

142 3183 242 3246 quare
265 3161 308 3246 id,
332 3162 418 3247 qnod
439 3160 565 3247 feceris,
587 3183 719 3228 necesse
737 3161 841 3227 fuerit
856 3183 915 3228 nec
934 3162 1030 3227 aliter
1047 3161 1157 3226 facere

142 3249 302 3334 potueris,
334 3250 515 3333 ceterisque
546 3251 653 3336 operis
688 3252 721 3316 et
752 3249 869 3316 officiis
899 3250 962 3314 erit
989 3249 1035 3334 id,
1068 3249 1158 3334 quod

91 3336 303 3458 20violatum
326 3337 503 3423 ridebitur,
525 3337 809 3423 compensandum.
1170 3353 1199 3395 ⁸⁶

91 3471 124 3521 ,9
210 3421 273 3488 Sed
296 3445 369 3490 cum
386 3427 421 3490 in
439 3426 627 3492 hominibus
644 3427 793 3493 iuvandis
813 3430 870 3494 aut
888 3447 995 3492 mores
1014 3427 1158 3512 spectari

142 3516 199 3578 aut
222 3511 355 3579 fortuna
377 3515 495 3596 soleat,
524 3514 612 3580 dictu
635 3515 766 3600 quidem
789 3520 840 3582 est
861 3515 1019 3601 procliue,
1041 3515 1155 3600 itaque
