2504 3950
335 170 403 227 LIB.
423 172 458 226 II.
491 171 568 227 OAP.
588 178 630 241 lo,
650 178 691 228 1⁷.
723 177 739 239 ξ
757 178 870 231 65-60.
1058 173 1100 240 ‘17

91 333 295 398 deratissimo
340 331 377 408 Q.
413 331 520 399 Mucio
563 335 885 420 magnificentissima
933 336 1100 403 aedilitate

89 421 219 488 functus
247 417 314 504 est,
342 421 455 486 deinde
483 420 518 488 G.
541 419 695 488 Claudius
718 423 803 509 App.
825 424 862 510 t,
889 425 986 490 multi
1013 429 1099 512 post,

88 509 231 594 Luculli,
254 509 465 592 Hortensius,
489 507 632 595 Silanum
656 531 767 577 omues
791 516 900 578 autem
922 512 958 579 P.
980 512 1100 580 Lentu·

88 600 138 663 lus
170 621 226 664 me
258 600 391 664 consule
421 598 500 664 vicit
531 600 726 684 superiorem
756 600 842 666 hunc
878 605 929 665 est
960 599 1099 667 Scaurus

65 688 253 770 ⁵imitatus3
280 687 604 774 magnificentissima
630 707 707 754 vero
735 689 841 753 nostri
867 688 1003 774 Pompei
1029 710 1099 756 mu-

87 797 165 842 nera
189 775 330 842 seeundo
353 777 538 859 consulatu3
560 776 595 840 in
618 776 734 860 quibus
754 776 904 842 omnibus
924 777 1000 862 quid
1017 779 1099 844 mihi

86 865 230 948 placeat,
254 863 353 929 vides.
398 862 542 929 Vitanda
564 869 673 930 tamen
697 866 839 951 snamoio
862 836 1150 964 estavaritiae.15{³

87 952 267 1035 Mamerco,
289 952 415 1017 homini
433 952 640 1038 diutissimo,
658 956 902 1038 praetermissio
921 951 1098 1020 aedilitatis

88 1041 281 1107 consodates
301 1042 468 1125 repulsam
495 1041 617 1106 attulit.
662 1041 769 1118 Quare
792 1047 837 1127 et,
861 1044 890 1108 si
911 1043 1099 1129 postulatur

55 1145 107 1194 aa
129 1130 269 1215 populo,
292 1129 386 1194 bonis
404 1129 484 1193 viris
508 1130 619 1195 sinon
637 1131 907 1216 desiderantibus,
931 1136 966 1198 at
987 1137 1099 1199 tamen

88 1216 347 1304 adprobantibus
369 1217 556 1283 faciundum
578 1222 642 1302 est,
669 1211 765 1285 modo
793 1241 853 1305 pro
875 1220 1098 1305 facultatibus,

86 1328 147 1372 nos
169 1306 238 1392 ipsi
260 1309 300 1370 ut
319 1304 468 1390 fecimus,
496 1311 543 1390 et,
570 1307 598 1371 si
626 1308 754 1391 quando
783 1309 894 1392 aliqua
919 1329 971 1374 res
994 1311 1099 1374 maior

88 1399 188 1480 atque
211 1394 325 1459 utilior
346 1394 500 1481 populari
522 1395 696 1482 largitione
720 1396 910 1481 adquiritur,
932 1401 970 1462 ut
987 1396 1096 1462 Oresti

86 1505 193 1569 nuper
214 1482 354 1568 prandia
373 1484 411 1548 in
433 1483 559 1552 semitis
581 1485 732 1550 decumae
755 1486 885 1550 nomine
903 1506 1023 1572 magno
1041 1483 1098 1550 ho·

52 1572 162 1638 orori
189 1571 332 1637 fuerunt.
376 1570 427 1637 Ne
455 1571 499 1638 M.
522 1572 652 1657 quidem
675 1571 748 1639 Seio
780 1574 861 1639 vitio
894 1574 1006 1640 datum
1038 1578 1097 1658 est,

87 1660 176 1745 quod
202 1660 238 1724 in
265 1660 401 1747 caritate
429 1681 501 1725 asse
529 1661 673 1726 modium
699 1664 821 1748 populo
845 1660 946 1746 dedit3
978 1683 1098 1749 magna
1164 1712 1165 1716 ,

87 1749 176 1814 enim
194 1770 230 1813 se
249 1752 283 1813 et
299 1749 481 1814 inveterata
498 1749 620 1815 invidia
637 1771 697 1816 nee
714 1751 803 1836 turpi
816 1751 954 1829 iactura,
969 1751 1097 1836 quando
1168 1769 1170 1776 ’

88 1842 159 1903 erat
179 1836 307 1920 aedilis,
325 1858 385 1902 nee
401 1837 544 1902 maxima
562 1839 723 1904 liberavit.
759 1837 822 1902 Sed
839 1840 957 1904 honori
970 1859 1097 1905 summo

87 1946 193 2011 nuper
223 1929 338 1990 nostro
369 1923 486 1991 Miloni
515 1926 591 2008 fuit,
624 1927 680 2016 qui
711 1925 947 2013 gladiatoribus
979 1927 1099 2012 emptis

51 2015 136 2080 ”rei
162 2013 315 2100 publicae
342 2033 453 2092 causa,
480 2035 563 2099 quae
590 2016 696 2080 salute
721 2019 836 2081 nostra
862 2015 1099 2099 continebatur,

87 2123 202 2168 omnes
221 2101 256 2168 P.
275 2100 370 2168 Olodi
388 2106 522 2168 conatus
544 2102 734 2188 furoresque
757 2103 959 2190 compressit.
992 2102 1098 2170 Causa

87 2192 192 2277 igitur
213 2190 400 2277 largitionis
423 2195 487 2273 est,
510 2191 539 2255 si
562 2195 619 2255 aut
641 2211 771 2257 neeesse
789 2196 843 2257 est
858 2189 924 2258 'arat
937 2193 1027 2258 utile.
1058 2192 1098 2258 In
1117 2206 1150 2258 59

86 2279 138 2344 his
168 2283 280 2344 autem
305 2279 389 2363 ipsis
409 2279 648 2345 mediocritatis
674 2281 789 2366 regula
811 2281 937 2366 optima
959 2284 1018 2346 est.
1062 2281 1098 2346 L.

88 2367 221 2452 quidem
239 2365 410 2452 Philippus
433 2365 470 2442 Q.
488 2365 520 2451 f.‚
543 2386 662 2454 magno
684 2369 737 2433 uir
757 2369 889 2456 ingenio
911 2370 947 2434 in
968 2369 1098 2454 primis·

51 2469 151 2541 aque
174 2456 298 2538 clarus,
328 2455 464 2540 gloriari
491 2455 618 2521 solebat
645 2476 680 2522 se
702 2457 771 2522 sine
797 2459 867 2523 ullo
890 2479 1021 2523 munere
1034 2453 1098 2522 'ad-

87 2548 204 2629 eptum
219 2563 290 2608 esse
309 2543 427 2627 omnia,
446 2563 528 2627 quae
546 2543 744 2612 haberentur
763 2547 974 2631 amplissima.
1006 2545 1098 2611 Dice·

86 2633 147 2698 bat
174 2631 263 2696 idem
290 2629 404 2715 Cotta,
431 2630 537 2697 Curio.
582 2630 687 2697 Nobis
715 2652 842 2718 quoque
870 2634 947 2698 licet
972 2635 1008 2698 in
1035 2632 1097 2699 hoc

88 2719 233 2805 quodam
260 2719 356 2785 modo
384 2719 533 2804 gloriarm
562 2739 639 2786 nam
667 2743 727 2810 pro
756 2721 968 2806 amplitudine
996 2721 1097 2786 hono-

51 2829 281 2961 ..elme
304 2805 878 2962 “luditilla-tilllll‘helil
896 2809 1097 2963 ”lltfttll

87 2918 370 3068 nominavissine
393 2915 552 3070 exiguusgI
548 2990 699 3070 sumptus
722 2919 994 3051 aedilitatisqfuit.
1039 2985 1098 3049 At·
1116 3001 1150 3050 oo

88 3095 150 3157 qne
188 3072 290 3138 etiam
321 3073 398 3137 illac
433 3074 598 3157 impensae
634 3074 798 3152 meliores,
829 3073 927 3152 muri«,
958 3073 1097 3156 navalia,

87 3165 220 3246 portus,
242 3181 399 3245 aquarum
422 3160 537 3226 ductus
560 3162 745 3246 omniaque,
769 3184 850 3246 quae
874 3162 915 3227 ad
932 3180 1027 3228 ueum
1049 3163 1098 3228 rei

87 3249 240 3334 publicae
267 3249 440 3334 pertinent.
476 3247 692 3335 Quamquam,
715 3251 801 3335 quod
832 3269 986 3336 praesens
1012 3255 1097 3317 tam-

54 3349 76 3392 e
88 3359 188 3422 quarn
209 3337 246 3400 in
268 3359 400 3403 manum
423 3337 527 3422 datm,
550 3338 718 3404 iucundius
741 3343 804 3424 est3
827 3343 939 3405 tamen
959 3340 1039 3406 haec
1063 3341 1097 3405 in

87 3429 258 3510 posterum
285 3426 440 3512 gratiora.
489 3422 645 3505 Theatra,
672 3428 830 3512 portione,
856 3449 942 3494 nova
972 3428 1097 3511 templa

87 3513 298 3580 verecundius
316 3513 516 3602 reprehendo
533 3519 668 3602 propter
680 3514 883 3601 Pompeium,
906 3515 963 3580 sed
980 3514 1097 3578 doetis-
