2542 3950
331 187 542 246 POEMATUAL
561 188 596 244 Η.
614 189 652 244 Ν
671 205 689 244 a
705 207 732 244 v.
751 194 901 246 ret-oue
1057 189 1123 256 315

116 348 311 434 Inponitque
333 351 432 434 pedes
454 351 598 436 duplices
620 350 747 434 Equum
770 353 803 416 et
825 351 922 417 simul
945 353 1026 419 Ales

115 437 212 503 Ponit
236 437 306 503 avis
328 442 427 524 caput
449 443 483 504 et
505 439 626 504 olineto
650 460 785 524 corpore
807 442 937 527 tergum
1071 457 1122 508 ooo

15 534 106 593 260
116 526 340 612 Anguitenens
364 527 483 592 umeris
506 527 676 611 conititnr3
699 527 759 592 illa
780 528 931 594 recedens
1152 536 1157 559 ’·

116 613 276 679 Austrum
298 615 505 699 consequitur
528 615 675 688 devitans
698 636 833 701 corpore
855 614 968 702 Virgo.

117 701 164 767 At
186 723 262 768 vero
285 706 394 768 totum
416 703 560 788 spatium
582 704 762 770 convestict
785 704 874 770 orbis

115 789 255 876 Magnus
277 789 343 856 Leo
367 795 400 856 et
422 792 510 857 claro
534 792 704 858 conlucens
727 792 848 857 lumine
872 790 1008 876 Cancer,
1121 821 1123 826 ¹

116 876 156 943 In
179 900 242 962 quo
266 880 445 945 consistens
469 879 630 945 convertit
651 880 847 946 curriculum
870 878 926 945 Sol
1071 896 1157 978 510·

20 973 104 1033 265
116 965 271 1032 Aestivus
295 967 400 1034 medio
424 967 627 1053 distinguens
650 989 785 1053 corpore
807 990 929 1034 curans.

115 1052 180 1120 Hic
201 1058 291 1120 totns
314 1055 439 1121 medius
462 1056 547 1122 circo
568 1055 781 1142 disiungitur,
804 1056 866 1123 iste
1005 1119 1007 1124 .

115 1141 307 1208 Pectoribus
329 1143 446 1209 validis
469 1147 567 1228 atque
591 1145 666 1210 alvo
688 1143 834 1229 possidet
856 1145 977 1210 orbem.

115 1229 211 1296 Hunc
234 1234 308 1298 octo
330 1233 365 1296 in
387 1235 498 1317 partes
521 1232 660 1298 divisum
682 1253 814 1298 noscere
836 1233 957 1298 circum

116 1315 152 1383 Si
173 1321 281 1403 potes,
303 1318 448 1385 invenies
471 1341 588 1406 supero
611 1321 793 1386 convertier
815 1321 893 1386 orbe
1071 1335 1123 1386 ⁶15

27 1413 106 1472 270
116 1405 264 1490 Quinque
287 1407 359 1492 pari
381 1408 502 1493 spatio,
524 1408 628 1493 partis
651 1408 712 1472 tris
735 1429 806 1474 esse
829 1408 973 1491 relictas,

116 1493 275 1580 Tempore
297 1500 456 1561 nocturno
480 1517 561 1580 quas
583 1495 633 1561 vis
656 1494 783 1561 infame
804 1495 999 1580 frequentat.

115 1757 212 1823 Alter
235 1758 276 1823 ab
299 1757 433 1824 infernis
453 1758 570 1824 Austri
592 1761 792 1825 convertitur
816 1761 912 1825 auris.

160 1845 368 1911 Distribuens
395 1847 537 1912 medium
565 1847 677 1912 subter
704 1851 794 1912 secat
814 1847 865 1912 his
890 1846 1123 1932 Capricornum
1263 1817 1264 1872 ᾗ

117 1933 228 2019 Atque
250 1933 347 2019 pedes
371 1935 515 2022 gelidum
536 1935 643 2000 rivum
664 1933 829 1999 fundentis
852 1933 978 2018 Aquari
1073 1952 1124 2004 520

35 2029 104 2089 275
118 2021 372 2107 anmleamque
393 2022 482 2088 ferae
505 2022 641 2088 caudam
663 2021 811 2087 Pistricis
834 2026 867 2087 et
889 2022 984 2088 illum

117 2109 312 2196 Fulgentem
324 2109 492 2196 Leporem,
505 2110 579 2176 inde
592 2110 690 2196 pedes
704 2109 802 2176 Oanis
821 2114 854 2175 et
870 2111 967 2176 simul
981 2113 1122 2199 amplam

118 2198 308 2284 Argolicam
330 2199 450 2264 retinet
471 2200 560 2264 claro
584 2220 656 2264 cum
679 2199 801 2264 lumine
823 2197 950 2264 Navem

118 2286 288 2373 Tergaque
310 2284 465 2352 Centauri
487 2291 585 2370 etque
607 2286 713 2372 Nepai
735 2290 848 2372 portat
869 2307 1017 2375 acumen,
1261 2323 1262 2376 q

117 2373 198 2439 Inde
220 2371 379 2460 Sagittari
401 2374 559 2439 deflexum
580 2375 726 2459 possidet
748 2395 867 2440 arcum.
1072 2392 1124 2443 cau
1261 2381 1262 2404 ¹

38 2470 108 2528 280
118 2461 213 2528 Hunc
236 2485 257 2528 a
278 2460 448 2528 clarisonis
472 2462 559 2527 auris
583 2461 755 2546 Aquilonis
779 2462 820 2526 ad
842 2462 1002 2530 Austrum
1261 2449 1262 2478 ¹

118 2549 241 2615 Cedens
264 2554 464 2634 postremum
487 2549 596 2634 tangit
618 2553 692 2614 rota
713 2548 840 2615 fervida
862 2547 961 2635 Solis,

117 2637 242 2704 Exinde
264 2639 300 2703 in
322 2659 455 2723 superas
478 2637 620 2702 brumali
642 2640 789 2721 tempore
812 2637 913 2703 flexus

118 2723 159 2790 Sc
183 2725 298 2810 recipit
320 2726 426 2810 sades3
448 2725 524 2790 huic
546 2725 619 2789 orbi
642 2725 783 2808 quinque
806 2725 948 2791 tributae

117 2813 305 2879 Nocturnae
327 2817 452 2899 partes,
475 2833 593 2898 supera
613 2816 682 2877 tres
704 2812 776 2878 lucc
799 2813 955 2878 dicantur.
1073 2828 1132 2881 teo
1259 2883 1260 2888 ,

39 2908 106 2968 285
162 2900 269 2967 Hosce
291 2901 378 2966 inter
400 2901 540 2968 mediam
562 2903 690 2985 partem
711 2900 851 2965 retinere
873 2901 1010 2966 videtur

118 2988 256 3074 Tantus,
280 2993 420 3074 quantus
444 2989 520 3072 erit,
542 2989 713 3054 conlucens
735 2987 900 3053 Lacteus
924 2989 1043 3074 orbis,

117 3075 158 3142 In
180 3098 244 3161 quo
268 3078 449 3144 autumnali
472 3081 570 3161 atque
592 3077 711 3142 iterum
734 3076 784 3141 sol
807 3076 929 3142 lumine
951 3096 1051 3143 verno

117 3163 288 3249 Exsequat
310 3166 453 3251 spatium
475 3164 557 3230 lucis
580 3185 653 3229 cnm
675 3168 822 3249 tempore
843 3165 958 3231 noctis.

117 3251 213 3318 Hunc
235 3254 379 3319 retinens
402 3252 498 3318 Aries
522 3252 670 3318 sublucet
692 3271 827 3337 corpore
850 3255 953 3335 totus,
1057 3267 1125 3320 beo
1258 3245 1259 3270 ¹

43 3347 109 3406 290
118 3340 228 3425 Atque
252 3363 336 3428 genu
359 3342 441 3407 flexo
464 3340 590 3406 Taurus
613 3339 768 3406 conititur
790 3339 919 3428 ingens,

118 3427 220 3494 Orion
242 3430 330 3495 claro
353 3429 546 3513 contingens
569 3449 703 3513 corpore
725 3427 842 3511 fertur,

117 3515 231 3602 Hydra
253 3520 343 3583 tenet
365 3518 463 3602 flexu,
486 3514 622 3583 Cratera
644 3519 677 3580 et
700 3513 824 3582 Corvus
848 3515 1016 3602 adhaeret,
