2504 3950
362 194 438 252 CAP.
459 201 501 263 14,
521 201 568 251 ru
599 201 745 262 sse-er.
994 201 1056 265 149

76 358 153 422 lunae
177 357 381 422 multc'ante
407 357 503 422 nobis
526 357 722 442 praedicere!
769 357 852 434 Quid
874 360 910 423 in
931 361 1058 425 leviori·
1076 380 1110 432 oc

75 446 122 510 bus
142 445 266 530 studiis,
293 445 348 509 sed
376 448 487 510 tamen
510 445 636 510 acutis?
664 467 760 529 quam
783 447 945 532 gaudebat
968 449 1057 514 bello

75 555 119 597 suc
138 533 254 600 Punico
275 532 432 598 Naevius!
457 554 554 616 quam
577 533 772 598 Truculento
790 533 936 619 Plautus,
960 545 1057 620 quam

73 620 223 688 Pseudolo!
268 620 346 686 Vidi
373 621 473 686 etiam
504 643 613 686 senem
640 621 789 704 Livium3.
815 623 870 706 qui
901 645 975 688 cum
1001 646 1057 690 ser

55 709 148 774 senus
169 714 255 794 ante,
284 731 381 793 quam
408 729 470 794 ego
491 714 589 774 natus
613 732 697 794 sum,
726 709 872 776 fabulam
896 711 1058 777 docuisset

74 795 442 881 conuenarumque
465 798 663 882 consulibus,
686 820 787 882 usque
811 798 852 862 ad
875 798 1056 864 adulescen·

72 886 136 952 tiam
155 907 259 951 meum
280 886 440 971 processit
459 889 576 951 aetate.
616 885 701 962 Quid
718 887 757 950 de
773 885 810 952 P.
828 886 933 952 Licini
947 885 1058 955 Crassi

73 977 98 1036 et
110 974 259 1058 pontificii
277 978 310 1040 et
329 974 434 1039 civilis
452 974 531 1039 iuris
550 975 658 1039 studio
681 975 798 1058 loquar
820 979 876 1040 eut
900 975 938 1040 de
961 976 1057 1043 huius

73 1059 97 1126 P.
116 1060 284 1146 Scipionis,
306 1062 362 1146 qui
384 1061 436 1126 his
458 1062 570 1147 paucis
593 1063 705 1128 diebus
727 1063 876 1148 pontifex
896 1064 1057 1128 maximus

49 1147 157 1215 efectus
182 1151 255 1216 est?
302 1152 411 1234 Atque
441 1171 496 1214 eos
528 1171 653 1234 omnes,
685 1171 766 1234 quos
799 1153 1058 1237 commemoravi,

72 1236 110 1300 bis
135 1238 245 1304 studiis
273 1237 450 1324 flagrantes
479 1259 570 1302 senes
597 1238 751 1322 vidimus3
776 1237 920 1304 Mrem
944 1238 1057 1305 Cethe

73 1345 140 1409 gum,
160 1348 256 1410 quem
278 1329 365 1391 recte
389 1323 551 1391 ‘Suadae
574 1325 797 1391 medullam'
822 1327 902 1391 dixit
923 1327 1057 1411 Ennius,

73 1417 172 1494 quanto
203 1414 313 1479 studio
346 1414 486 1478 exerceri
515 1414 550 1478 in
582 1413 715 1478 dicendo
742 1414 932 1479 videbamus
958 1415 1058 1480 etiam

73 1505 171 1570 senem!
207 1502 299 1578 Quae
321 1506 398 1566 sunt
420 1502 524 1587 igitur
539 1502 714 1586 epularum
739 1505 796 1566 aut
823 1502 973 1567 ludorum
1001 1506 1058 1567 aut

48 1601 64 1640 ¹⁵
74 1593 232 1656 scortorum
264 1591 450 1674 voluptates
483 1611 556 1654 cum
587 1590 638 1654 his
670 1590 900 1674 voluptatibus
931 1593 1058 1674 compa*

72 1677 189 1743 rendae?
230 1678 345 1763 Atque
367 1677 447 1742 haec
475 1678 604 1762 quidem
632 1678 740 1743 studia
766 1678 944 1762 doctrinae3
975 1699 1057 1763 quae
1104 1699 1107 1706 ·

73 1764 178 1846 quidem
207 1766 424 1852 prudentibus
457 1769 491 1830 et
521 1766 602 1830 bene
637 1767 798 1830 institutis
830 1767 954 1850 pariter
985 1788 1058 1831 cum

73 1855 158 1918 sabb
180 1858 341 1939 crescunt,
367 1858 404 1918 ut
427 1853 600 1918 honestum
621 1854 705 1918 illud
728 1852 856 1918 Solonis
886 1855 942 1937 sit,
972 1855 1059 1936 quod

73 1939 108 2002 ait
125 1943 280 2008 versiculo
299 1941 448 2026 quodam,
470 1946 507 2006 ut
526 1945 602 2007 ante
620 1941 694 2024 dixi,
718 1961 882 2005 senescere
902 1961 936 2004 se
954 1942 1058 2008 multa

47 2025 98 2090 ”in
114 2029 174 2095 dies
196 2031 433 2114 addiscentem,
456 2051 520 2113 qna
542 2029 711 2112 'uoluptate
735 2027 836 2093 animi
857 2028 949 2092 nulla
971 2032 1058 2094 certe

73 2119 160 2195 petest
181 2139 254 2184 esse
276 2118 388 2182 maior.

122 2202 218 2272 Venio
241 2227 329 2270 nunc
348 2205 388 2272 ad
405 2205 592 2290 vuluptates
612 2204 839 2290 agricolarum,
862 2204 978 2289 quibus
997 2225 1057 2290 ege
1071 2177 1111 2304 155}

72 2287 283 2359 incredibiliter
306 2294 462 2376 delector3
491 2313 572 2375 quae
598 2314 657 2357 nec
679 2293 748 2356 ulla
770 2292 989 2377 impediuntur
1012 2315 1059 2358 se·

72 2383 178 2446 uectute
205 2387 241 2448 et
268 2380 350 2446 mihi
373 2381 414 2446 ad
437 2380 592 2465 sapientis
615 2381 718 2446 vitam
740 2381 886 2465 proxime
908 2381 1059 2446 videntur

47 2469 207 2535 saedere.
239 2468 373 2534 Habent
386 2469 472 2533 enim
485 2468 646 2534 rationem
664 2490 738 2534 cum
756 2471 852 2552 terra,
871 2490 953 2552 quae
968 2489 1058 2533 num-

73 2572 150 2634 quam
166 2562 296 2624 rceuset
313 2557 486 2641 imperium
502 2577 562 2621 nec
579 2577 733 2640 umquam
749 2557 818 2622 siue
831 2577 931 2622 usura
944 2557 1059 2641 reddit,

73 2644 140 2720 quod
155 2646 290 2731 accepit,
308 2645 364 2710 sed
383 2644 464 2709 alias
484 2644 616 2726 minore,
636 2645 826 2729 plerumque
844 2645 967 2708 maiore
985 2651 1059 2708 cum

72 2724 190 2798 faenore.
237 2732 440 2817 Quamquam
465 2753 518 2796 me
546 2732 674 2816 quidem
701 2752 768 2795 nen
798 2730 923 2795 fructus
953 2731 1060 2814 modo,

72 2817 231 2886 sedetiam
252 2821 355 2906 ipsius
379 2825 485 2885 terrae
508 2820 558 2886 uis
581 2841 618 2884 ac
640 2823 759 2883 natura
781 2818 929 2883 delectat.
970 2816 1059 2893 Quae

47 2909 127 2969 ³⁰curn
153 2909 276 2996 gremio
304 2909 433 2974 mollito
462 2930 499 2972 ac
526 2908 661 2972 subacto
690 2925 839 2991 sparsum
872 2926 981 2970 semen
1008 2928 1059 2970 ex-

71 2995 147 3079 cepit,
168 2998 309 3082 primum
332 2997 366 3060 id
389 2999 592 3061 occaecatum
615 2995 754 3078 cohibet,
777 3015 816 3058 ex
839 3015 902 3078 quo
926 2995 1059 3078 occatio,

72 3097 136 3159 quae
157 3084 219 3150 hcc
242 3085 351 3169 efficit,
372 3085 541 3149 nominata
563 3087 626 3166 est,
649 3083 763 3148 deiude
785 3081 983 3166 tepefactum
1005 3103 1060 3146 va·

71 3185 133 3246 pore
154 3176 186 3236 et
208 3193 395 3257 compressu
413 3193 470 3237 suo
489 3171 690 3236 diffunditat
709 3171 797 3235 elicit
814 3169 1061 3235 herbescentem·

72 3271 101 3316 0¹
123 3279 156 3322 ec
184 3261 398 3345 viriditatem,
426 3281 508 3344 quae
535 3259 611 3323 nixa
637 3258 729 3323 fibris
759 3257 910 3342 stirpium
938 3256 1058 3322 sensim

47 3345 63 3388 ³⁵
72 3340 209 3413 adulescit
226 3350 397 3433 culmoque
415 3352 521 3414 macta
540 3347 724 3433 geniculato
743 3345 870 3431 vaginis
884 3346 950 3410 iam
965 3346 1059 3432 quasi

72 3430 228 3508 pubescens
251 3437 440 3520 includitur3
469 3457 508 3500 ex
535 3435 651 3519 quibus
679 3455 752 3499 cum
780 3434 924 3518 emersit,
951 3433 1059 3498 fundit

72 3512 181 3605 frugem
208 3525 288 3611 spici
314 3525 425 3590 ordine
453 3527 611 3588 structam
634 3527 667 3587 et
690 3525 804 3588 contra
827 3522 935 3588 avium
957 3521 1058 3584 minc·
