2504 3950
411 186 486 241 oAP.
507 193 584 243 r-e.
621 191 769 252 ess-ao.
1029 188 1093 253 141

104 347 178 414 enim
199 352 269 413 eret
290 349 380 413 locus
404 347 487 412 alter
509 346 549 414 ds
571 347 661 414 vitiis
689 347 891 435 senectutis),
917 370 984 415 nou
1010 350 1094 434 plus,

101 459 187 521 quam
197 436 382 502 adulescens
395 436 483 500 tauri
496 439 553 501 aut
568 434 734 520 elephanti
747 435 978 505 desiderabam.
1001 435 1094 512 Quod

101 528 151 607 est,
172 546 208 589 eo
231 524 322 589 decet
343 524 392 588 uti
414 526 457 606 et,
480 522 631 607 quicquid
654 545 743 608 ages,
766 543 861 608 egere
883 546 944 610 pro
961 525 1094 591 viribus.

100 610 179 687 Quse
199 613 285 678 enim
306 633 370 678 vox
391 615 502 696 potest
525 633 595 676 esse
615 612 832 697 contemptior
850 633 948 696 quam
961 612 1094 679 Milonis
1181 653 1187 661 =

81 698 318 766 ⁵Orotonietee?
341 699 397 784 qui
420 721 492 765 curn
515 700 582 765 ism
604 721 701 765 senex
723 703 810 764 esset
832 699 1038 785 athletasque
1059 724 1094 766 se

100 793 271 854 exercentes
293 788 329 852 in
346 788 504 853 curriculo
522 788 655 872 rideret,
678 787 841 872 aspexisse
860 789 1000 853 lacertos
1018 809 1094 854 suos

100 875 203 942 dicitur
216 876 490 960 inlacrimansque
504 875 636 941 dixisse:
654 874 721 940 ‘At
733 876 773 940 hi
787 875 939 961 quidem
952 879 1095 943 mortui

99 964 161 1030 ism
178 963 289 1030 sunt?
320 963 397 1030 Non
414 985 491 1029 vero
510 967 579 1029 tam
596 964 654 1029 isti
672 985 771 1049 quern
787 969 825 1030 tu'
842 964 922 1050 ipse,
939 967 1094 1051 nugator!

98 1073 188 1136 neque
206 1053 295 1118 enim
313 1073 351 1118 ex
369 1056 402 1116 te
425 1074 580 1136 umquem
602 1075 636 1118 es
659 1053 860 1137 nobilitatus,
883 1053 941 1118 sed
958 1075 997 1118 ex
1015 1055 1094 1119 late

72 1159 90 1198 1⁰
99 1141 175 1206 ribus
202 1145 236 1206 et
265 1140 396 1206 lacertis
423 1140 499 1205 tuis.
543 1139 636 1205 Nihil
664 1138 734 1204 Sex.
761 1141 874 1205 Aelius
902 1141 983 1224 tale,
1011 1141 1094 1206 nihil

99 1230 198 1310 miultis
217 1229 313 1295 annis
332 1232 407 1293 ante
425 1227 472 1293 Ti.
487 1226 716 1312 Coruncanius,
736 1227 819 1292 nihil
838 1228 934 1294 modo
952 1228 987 1293 P.
1002 1228 1095 1295 Ores-

99 1337 156 1400 sus,
181 1340 200 1382 s
223 1317 343 1402 quibus
364 1317 438 1382 iura
460 1317 583 1383 civibus
611 1316 927 1401 praescribebantur,
957 1338 1095 1400 quorum

98 1427 186 1490 usque
209 1405 252 1470 cd
277 1409 456 1470 extremum
479 1406 630 1498 spiritum
657 1407 708 1468 est
733 1408 887 1489 provecta
913 1404 1095 1488 prudentia.

99 1491 204 1560 Orator
217 1497 330 1559 metuo
344 1515 385 1558 ne
403 1494 593 1578 languescat
611 1496 789 1576 senectute3
807 1495 857 1557 est
875 1491 961 1558 enim
979 1513 1095 1558 munus
1114 1507 1147 1557 28

72 1598 89 1639 1⁵
99 1581 156 1648 eius
176 1605 244 1648 non
268 1581 392 1667 ingenii
414 1582 530 1666 solum,
553 1581 609 1646 sed
631 1581 772 1646 laterum
795 1581 894 1646 etiam
916 1585 950 1646 et
967 1580 1095 1647 virium.

99 1669 224 1736 Omnino
248 1692 405 1736 canorum
427 1670 510 1735 illud
531 1669 565 1734 in
590 1691 667 1734 voce
695 1669 890 1754 splendescit
917 1669 1016 1735 etium
1042 1691 1095 1735 ne

99 1759 155 1824 scio
185 1781 249 1844 quo
287 1762 383 1843 puoto
414 1758 450 1822 in
480 1761 660 1841 senectute,
697 1758 783 1842 quod
816 1757 964 1842 equidem
991 1758 1096 1824 adhuc

98 1867 153 1912 non
174 1847 285 1930 amisi,
318 1851 350 1912 et
377 1846 494 1912 videtis
521 1867 638 1929 annos,
665 1845 720 1910 sed
748 1849 859 1910 tamen
888 1849 939 1910 est
961 1845 1095 1912 decorus

99 1936 173 2000 senis
195 1943 305 2000 sermo
325 1935 451 2019 quietus
471 1938 504 1999 et
526 1934 693 2017 remissus,
715 1932 858 2017 facitque
886 1954 944 2017 per
966 1954 1000 1997 se
1023 1934 1096 2018 ipsa

71 2023 153 2088 ssibi
172 2023 375 2090 audientiam
401 2023 516 2088 diserti
538 2023 624 2087 senis
652 2026 783 2105 comptu
813 2026 845 2085 et
868 2020 957 2086 mitis
982 2021 1095 2086 oratio.

100 2109 190 2185 Quum
213 2113 243 2178 si
267 2111 338 2196 ipse
360 2111 475 2194 exequi
500 2113 656 2194 nequeas,
682 2109 789 2194 possis
817 2113 927 2175 tamen
954 2107 1098 2195 Scipioni

99 2201 275 2285 praecipere
297 2203 330 2264 et
352 2198 474 2265 Laelio.
514 2197 599 2274 Quid
621 2198 705 2262 enim
729 2201 780 2263 est
795 2198 968 2264 'iucundius
993 2219 1097 2264 senec·

99 2289 158 2352 tute
185 2289 312 2373 stipata
341 2287 457 2353 studiis
490 2287 689 2353 iuventutis?
722 2285 775 2351 An
801 2308 841 2351 ne
868 2287 943 2352 illas
967 2287 1097 2371 quidem
1116 2300 1149 2350 29

98 2372 172 2442 sires
200 2376 362 2442 senectuti
389 2376 621 2459 relinquemus,
651 2379 690 2440 ut
721 2375 942 2441 adulescentes
975 2375 1097 2458 doceat,

71 2461 251 2548 restituat,
276 2463 316 2528 ad
335 2485 429 2528 omne
448 2463 546 2529 officii
564 2485 680 2528 munus
698 2463 862 2528 instruct?
886 2485 950 2548 quo
969 2463 1098 2548 quidem

98 2573 185 2635 opere
209 2551 290 2636 quid
312 2555 422 2635 potest
444 2573 514 2618 esse
536 2551 755 2636 praeclarius?
791 2551 874 2615 Mihi
892 2573 970 2618 vero
989 2556 1023 2616 et
1041 2549 1098 2616 Cn.

99 2643 126 2702 et
142 2639 174 2706 P.
188 2639 358 2724 Scipiones
377 2643 411 2704 et
433 2639 486 2704 cvi
508 2639 556 2704 tui
579 2638 651 2723 duo,
673 2638 709 2702 L.
725 2637 885 2704 Aemilius
904 2643 945 2705 et.
963 2638 999 2703 P.
1013 2638 1098 2703 Afri·

98 2747 202 2813 canus,
230 2728 389 2794 comitatu
411 2726 570 2791 nobilium
592 2727 744 2792 iuvenum
766 2725 926 2791 fortunati
949 2727 1098 2790 videbun-

98 2819 157 2900 tur,
178 2839 240 2882 nec
264 2816 324 2880 ulli
347 2816 505 2881 bonarum
529 2814 648 2880 artium
672 2813 822 2899 magistri
843 2835 909 2878 non
931 2814 1020 2880 besti
1042 2835 1098 2897 pu·

70 2905 190 2987 simui,
205 2904 355 2988 quamvis
370 2903 595 2970 consenuerint
608 2902 694 2967 vires
709 2905 805 2986 utque
819 2901 1001 2967 defecerint.
1025 2901 1098 2967 Etsi

98 2991 162 3074 ipse
188 2993 256 3056 ists
283 2990 420 3056 defectio
443 2990 561 3055 virium
589 2990 825 3056 adulescentiae
848 2990 937 3055 vitiis
961 2991 1099 3054 efficitur

99 3081 221 3164 saepius
255 3101 353 3163 quam
385 3079 573 3160 senectutis;
604 3078 778 3144 libidinosa
810 3078 895 3144 enim
927 3083 960 3142 et
986 3078 1099 3141 intem·

98 3188 209 3248 perans
242 3166 461 3232 adulescentia
493 3166 623 3231 effetum
655 3188 771 3254 corpus
802 3166 909 3232 tradit
933 3165 1098 3230 senectuti.

99 3252 196 3336 Cyrus
221 3255 351 3338 quidem
373 3254 459 3340 apud
480 3252 728 3339 Xenophontem
752 3277 790 3320 eo
813 3275 974 3337 sermone,
1004 3267 1150 3338 quemue

70 3353 89 3394 ³⁵
100 3343 237 3408 moriens
258 3342 387 3425 habuit,
410 3363 483 3408 cum
507 3342 679 3409 admodum
702 3364 798 3409 senex
820 3346 919 3425 esset,
941 3345 1041 3428 neget
1065 3363 1099 3405 se

100 3450 248 3514 umquem
271 3431 410 3496 sensisse
434 3434 631 3496 senectutem
654 3453 746 3496 susm
767 3430 1013 3496 imbecilliorem
1036 3429 1100 3492 fac-

101 3518 177 3602 tam,
209 3541 306 3603 quam
337 3518 557 3584 adulescentis
586 3519 711 3583 fuisset.
760 3517 832 3605 Elgo
863 3517 900 3583 L.
931 3515 1099 3582 Metellum
