2542 3950
136 171 202 238 428
271 170 406 227 canno
424 169 547 225 enom
566 168 671 235 coln
689 169 730 224 rn
747 167 902 225 ammon
918 169 1013 226 rann.

137 355 249 400 rorum
269 331 422 418 periculis
445 331 638 397 haberemus
661 331 818 414 annuum,
847 352 943 415 quem
965 331 1003 396 in
1024 332 1158 397 nostris

137 421 399 504 difficultatibus,
432 423 465 485 et
493 441 554 505 pro
580 418 846 484 innocentissimo
873 439 1002 502 qnoque
1030 441 1157 505 propu-

131 531 238 597 gnare
257 513 290 574 et
308 508 574 574 nocentissimum
593 528 752 591 quemque
770 527 959 592 oppugnare
971 507 1071 572 nobis
1084 508 1154 572 uti-

136 599 298 665 lissimum
317 619 387 662 esse
402 596 648 678 arbitraremur3
667 598 709 680 et,
728 593 756 660 si
773 617 847 661 cum
862 595 979 679 optimi
992 595 1154 680 ornusque

137 687 234 752 rebus
261 685 408 750 advorsis
434 687 582 750 nostram
609 683 762 763 salutem,
794 705 867 748 oum
897 683 1173 749 deterrimorum

137 777 247 839 antem
279 772 426 838 secundis
457 776 573 838 nostra
607 771 753 856 pericula
782 775 935 856 putemus
966 772 1153 856 coniuncta,

135 861 321 946 frequentes
348 859 495 946 profecto
523 859 646 925 talibus
679 859 805 925 conatis
832 859 962 925 obviarn
989 860 1039 924 ire
1066 860 1154 925 nita·

137 971 219 1034 mur,
240 971 345 1033 neque
366 950 488 1034 purtim
509 947 697 1014 innocentia
716 946 804 1029 freti,
827 948 950 1033 partim
971 947 1154 1014 nobilitate

136 1038 218 1121 nixi,
244 1037 367 1122 partim
393 1035 542 1122 potentia
569 1057 608 1100 ao
629 1035 838 1100 multitudiue
861 1036 1040 1102 amicorum
1062 1035 1153 1120 fulti,

137 1148 211 1191 eum
224 1125 378 1210 perfacile
392 1124 614 1189 existimemus
628 1123 888 1189 adversariorum
901 1123 968 1188 vim
983 1123 1194 1190 aelectio-1⁰

136 1235 212 1278 nem
235 1235 255 1278 a
275 1213 370 1278 nobis
393 1212 509 1298 repelli
531 1231 637 1298 posse,
660 1212 769 1277 subito
792 1210 857 1296 ipsi
880 1211 980 1276 simili
1002 1212 1153 1296 periculo

138 1300 360 1384 circumventi,
387 1300 422 1364 in
448 1303 563 1366 nostro
591 1303 708 1365 eventu
735 1299 874 1365 aliorum
901 1299 1153 1366 reminiscentes
1252 1291 1253 1320 ¹

97 1411 247 1521 boasps,
271 1389 354 1542 ‘iure'
378 1388 413 1453 id
427 1388 553 1552 (ppbipe
563 1388 706 1490 accidere
736 1388 933 1490 nequiquam
951 1409 1153 1541 -queranppn

87 1535 118 1582 ¹²
137 1475 216 1630 squallis
239 1497 1153 1650 dimenladl’violdbltiqulpb'rsoplidialnffnidbbmnddtiug
1165 1581 1191 1622 1⁵

136 1652 446 1738 periculosissimum
469 1673 580 1716 casum
601 1655 828 1738 recognoscat,
854 1653 912 1736 qui
933 1673 999 1718 non
1022 1653 1088 1718 sibi
1112 1675 1151 1718 ao

137 1739 204 1805 suis
233 1739 360 1804 diffidat
385 1739 550 1804 fortunis?
595 1738 666 1815 Quo
693 1741 779 1806 enim
802 1761 837 1805 se
859 1741 941 1805 satis
963 1744 1074 1806 tutum
1097 1764 1150 1806 ar·

137 1828 314 1894 bitrabitur
335 1828 520 1914 praesidio?
542 1827 675 1892 virtutis
699 1828 827 1914 gloria?
862 1827 910 1892 At
932 1849 970 1894 ea
991 1849 1052 1894 nos
1074 1829 1150 1914 ipsa

136 1917 199 1983 hoc
225 1921 372 2002 tempore
399 1919 578 2002 oppugnat.
622 1915 832 1982 Multitudine
855 1917 1056 1982 amicorum?
1101 1918 1151 1982 At

136 2026 254 2089 parum
276 2008 328 2069 est
348 2004 452 2070 fortes
475 2026 546 2070 esse
568 2005 703 2088 amicos,
731 2005 760 2069 si
785 2004 822 2069 in
843 2025 955 2070 eorum
981 2008 1149 2090 potestate
1162 2022 1190 2061 2⁰

135 2095 251 2158 nostra
274 2093 339 2156 sita
362 2093 450 2157 salus
473 2113 540 2157 non
563 2096 621 2159 est.
653 2091 822 2158 Paucitate
839 2093 1068 2158 inimicorum?
1101 2092 1148 2157 At

20 2213 29 2245 κ
136 2180 170 2243 id
187 2199 254 2245 non
270 2179 306 2242 in
322 2180 436 2263 ipsius,
455 2179 511 2244 sed
528 2179 563 2244 in
581 2180 720 2245 aliorum
738 2181 908 2246 voluntate
926 2181 1071 2266 positum
1088 2185 1148 2246 est.

40 2304 42 2313 κ
135 2265 223 2331 Nam
243 2266 414 2331 nonsatis
438 2269 635 2350 est,necui
655 2268 809 2334 iniuriam
829 2268 946 2353 facias,
967 2268 1149 2355 providere,

137 2355 166 2418 si
187 2358 300 2420 temen
322 2359 399 2420 sunt
420 2355 598 2420 voluntarii
619 2356 751 2440 inimici,
774 2356 830 2440 qui
852 2357 918 2421 tuis
936 2357 1091 2442 praemiis
1113 2361 1148 2423 tc

17 2499 19 2518 ‚
61 2446 70 2503 'x
87 2459 118 2508 13
137 2447 335 2528 oppugnent.
385 2443 494 2528 Atque
526 2444 607 2508 adeo
638 2466 711 2510 oum
742 2444 823 2511 haec
855 2445 965 2511 omnia
995 2445 1147 2512 omnibus
1160 2460 1186 2502 ²⁶

17 2535 29 2542 ⁷
137 2535 213 2594 sunt
227 2531 350 2631 'gravia
372 2535 470 2616 atque
494 2532 625 2615 acerba,
646 2535 718 2598 tum
740 2553 817 2635 vero
833 2533 935 2636 'nobis
958 2533 1078 2635 misera
1100 2537 1147 2599 at-

135 2619 1147 2794 ttilllillfflltdlllllldlsllffplslll'ssllllll

135 2794 265 2859 tissima
282 2794 317 2858 in
334 2794 462 2861 familia
478 2799 659 2860 versantur.
696 2794 791 2862 Nunc
814 2796 844 2861 si
866 2797 979 2862 eadem
1000 2797 1147 2864 condicio

136 2881 380 2967 disceptationis
403 2886 619 2968 proponetur,
642 2884 737 2968 aequi
760 2884 925 2950 auditores
949 2885 1146 2952 adhibebun-
1160 2904 1185 2944 ω

134 2973 198 3054 tur,
217 2992 310 3036 aures
328 2993 396 3036 non
413 2971 573 3036 obtunsus
590 2971 825 3057 criminatione,
844 2974 900 3038 sed
918 2996 1038 3039 vacuae
1055 2996 1147 3060 prae·

135 3057 311 3142 bebuntu13
333 3059 390 3143 qui
409 3062 485 3122 sunt
503 3060 644 3124 assecuti
663 3081 825 3126 summurn
843 3062 980 3148 gradum
1003 3062 1146 3149 honoris,

134 3166 200 3210 non
228 3147 496 3231 despoliabantur
522 3147 660 3232 honore,
692 3148 748 3232 qui
779 3154 925 3235 sperant,
956 3149 1085 3216 facilius
1113 3157 1146 3217 et

133 3234 309 3317 proclivius
333 3235 375 3298 ad
397 3235 527 3300 laudem
543 3235 728 3301 nobilitatis
746 3238 944 3321 pervenient.
979 3237 1085 3314 Quam
1103 3239 1145 3306 ob

133 3341 202 3383 rcrn
228 3322 306 3387 nolo
334 3344 386 3386 me
414 3322 493 3388 duce
523 3324 674 3408 supplicii
700 3345 758 3389 ros
787 3325 828 3391 ad
854 3326 1000 3392 standem
1024 3327 1182 3413 deducire

133 3408 170 3469 ut
203 3426 265 3490 ego
298 3409 339 3470 ad
369 3410 545 3492 pristinum
576 3415 701 3476 statum
731 3413 874 3479 recidam
902 3435 1006 3479 casus.
1050 3413 1145 3482 Nunc

133 3491 246 3578 igitur,
269 3492 297 3555 si
319 3493 433 3578 lingua
451 3501 502 3560 est
519 3499 779 3587 concertandum,
801 3501 1006 3568 innocentiae
1024 3503 1145 3572 virtute
