<?xml version="1.0" encoding="UTF-8"?>
<!DOCTYPE html PUBLIC "-//W3C//DTD XHTML 1.0 Transitional//EN"
    "http://www.w3.org/TR/xhtml1/DTD/xhtml1-transitional.dtd">
<html xmlns="http://www.w3.org/1999/xhtml" xml:lang="en" lang="en">
 <head>
  <title>
</title>
<meta http-equiv="Content-Type" content="text/html;charset=utf-8" />
  <meta name='ocr-system' content='tesseract 3.04.00' />
  <meta name='ocr-capabilities' content='ocr_page ocr_carea ocr_par ocr_line ocrx_word'/>
</head>
<body>
  <div class='ocr_page' id='page_1' title='image "./mtulliiciceroni04mlgoog_0344.png"; bbox 0 0 2570 3944; ppageno 0'>
   <div class='ocr_carea' id='block_1_1' title="bbox 381 203 1131 272">
    <p class='ocr_par' dir='ltr' id='par_1_1' title="bbox 381 203 1131 272">
     <span class='ocr_line' id='line_1_1' title="bbox 381 203 1131 272; baseline 0.013 -12"><span class='ocrx_word' id='word_1_1' title='bbox 381 203 606 261; x_wconf 75' lang='lat' dir='ltr'><strong>ORATIONUM.</strong></span> <span class='ocrx_word' id='word_1_2' title='bbox 626 207 658 260; x_wconf 82' lang='grc' dir='ltr'><strong>Α.</strong></span> <span class='ocrx_word' id='word_1_3' title='bbox 678 205 741 260; x_wconf 81' lang='lat' dir='ltr'><strong><em>xlv</em></strong></span> <span class='ocrx_word' id='word_1_4' title='bbox 762 213 873 262; x_wconf 53' lang='grc' dir='ltr'><strong>ιιι-24.</strong></span> <span class='ocrx_word' id='word_1_5' title='bbox 1067 206 1131 272; x_wconf 87' lang='grc'><strong><em>281</em></strong></span> 
     </span>
    </p>
   </div>
   <div class='ocr_carea' id='block_1_2' title="bbox 98 367 1134 1068">
    <p class='ocr_par' dir='ltr' id='par_1_2' title="bbox 98 367 1134 1068">
     <span class='ocr_line' id='line_1_2' title="bbox 168 367 1134 452; baseline 0 -18"><span class='ocrx_word' id='word_1_6' title='bbox 168 367 364 449; x_wconf 73' lang='lat' dir='ltr'><strong><em>foeditatibus</em></strong></span> <span class='ocrx_word' id='word_1_7' title='bbox 390 368 595 449; x_wconf 76' lang='lat' dir='ltr'><strong><em>inanmatnm.</em></strong></span> <span class='ocrx_word' id='word_1_8' title='bbox 642 367 748 434; x_wconf 77' lang='lat' dir='ltr'><strong><em>Cetera</em></strong></span> <span class='ocrx_word' id='word_1_9' title='bbox 773 367 823 432; x_wconf 83' lang='lat' dir='ltr'><strong><em>tio</em></strong></span> <span class='ocrx_word' id='word_1_10' title='bbox 849 368 1045 452; x_wconf 80' lang='lat' dir='ltr'><strong><em>mplouonda</em></strong></span> <span class='ocrx_word' id='word_1_11' title='bbox 1070 389 1134 434; x_wconf 91' lang='lat' dir='ltr'><strong><em>non</em></strong></span> 
     </span>
     <span class='ocr_line' id='line_1_3' title="bbox 170 456 942 540; baseline -0.003 -19"><span class='ocrx_word' id='word_1_12' title='bbox 170 461 255 540; x_wconf 84' lang='lat' dir='ltr'><strong><em>sunt,</em></strong></span> <span class='ocrx_word' id='word_1_13' title='bbox 279 474 356 537; x_wconf 79' lang='lat' dir='ltr'><strong><em>quoe</em></strong></span> <span class='ocrx_word' id='word_1_14' title='bbox 376 457 453 520; x_wconf 90' lang='lat' dir='ltr'><strong><em>satis</em></strong></span> <span class='ocrx_word' id='word_1_15' title='bbox 475 457 509 520; x_wconf 91' lang='lat' dir='ltr'><strong><em>in</em></strong></span> <span class='ocrx_word' id='word_1_16' title='bbox 527 456 775 537; x_wconf 72' lang='lat' dir='ltr'><strong><em>moeoedentimis</em></strong></span> <span class='ocrx_word' id='word_1_17' title='bbox 797 456 942 521; x_wconf 75' lang='lat' dir='ltr'><strong><em>diximus.</em></strong></span> 
     </span>
     <span class='ocr_line' id='line_1_4' title="bbox 170 543 1132 628; baseline 0.008 -26"><span class='ocrx_word' id='word_1_18' title='bbox 170 598 172 602; x_wconf 85' lang='lat'>.</span> <span class='ocrx_word' id='word_1_19' title='bbox 192 544 245 608; x_wconf 91' lang='grc'><strong>20.</strong></span> <span class='ocrx_word' id='word_1_20' title='bbox 267 543 386 608; x_wconf 86' lang='lat' dir='ltr'><strong><em>iterum</em></strong></span> <span class='ocrx_word' id='word_1_21' title='bbox 405 565 425 606; x_wconf 89' lang='lat' dir='ltr'><strong>a</strong></span> <span class='ocrx_word' id='word_1_22' title='bbox 442 543 559 626; x_wconf 85' lang='lat' dir='ltr'><strong><em>piratis</em></strong></span> <span class='ocrx_word' id='word_1_23' title='bbox 577 543 793 628; x_wconf 67' lang='lat' dir='ltr'><strong><em>redemptum</em></strong></span> <span class='ocrx_word' id='word_1_24' title='bbox 817 565 879 627; x_wconf 89' lang='lat' dir='ltr'><strong><em>quo</em></strong></span> <span class='ocrx_word' id='word_1_25' title='bbox 899 544 984 608; x_wconf 86' lang='lat' dir='ltr'><strong><em>enim</em></strong></span> <span class='ocrx_word' id='word_1_26' title='bbox 1001 546 1132 610; x_wconf 88' lang='lat' dir='ltr'><strong><em>nomine</em></strong></span> 
     </span>
     <span class='ocr_line' id='line_1_5' title="bbox 126 631 1061 716; baseline 0.002 -20"><span class='ocrx_word' id='word_1_27' title='bbox 126 631 288 716; x_wconf 86' lang='lat' dir='ltr'><strong><em>appellem</em></strong></span> <span class='ocrx_word' id='word_1_28' title='bbox 311 652 379 714; x_wconf 84' lang='lat' dir='ltr'><strong><em>eos,</em></strong></span> <span class='ocrx_word' id='word_1_29' title='bbox 403 631 458 714; x_wconf 87' lang='lat' dir='ltr'><strong><em>qni</em></strong></span> <span class='ocrx_word' id='word_1_30' title='bbox 479 633 513 694; x_wconf 85' lang='lat' dir='ltr'><strong><em>te</em></strong></span> <span class='ocrx_word' id='word_1_31' title='bbox 536 631 641 716; x_wconf 88' lang='lat' dir='ltr'><strong><em>pretio</em></strong></span> <span class='ocrx_word' id='word_1_32' title='bbox 665 637 797 716; x_wconf 81' lang='lat' dir='ltr'><strong><em>accepto</em></strong></span> <span class='ocrx_word' id='word_1_33' title='bbox 820 632 1061 698; x_wconf 78' lang='lat' dir='ltr'><strong><em>liberaverunt?</em></strong></span> 
     </span>
     <span class='ocr_line' id='line_1_6' title="bbox 98 717 1134 803; baseline 0.008 -25"><span class='ocrx_word' id='word_1_34' title='bbox 98 737 112 778; x_wconf 80' lang='lat' dir='ltr'><strong><em>e</em></strong></span> <span class='ocrx_word' id='word_1_35' title='bbox 236 717 401 802; x_wconf 71' lang='lat' dir='ltr'><strong><em>Sionitimt</em></strong></span> <span class='ocrx_word' id='word_1_36' title='bbox 421 719 536 794; x_wconf 74' lang='lat' dir='ltr'><strong><em>indues</em></strong></span> <span class='ocrx_word' id='word_1_37' title='bbox 557 739 615 803; x_wconf 83' lang='lat' dir='ltr'><strong><em>eos,</em></strong></span> <span class='ocrx_word' id='word_1_38' title='bbox 637 722 691 802; x_wconf 77' lang='lat' dir='ltr'><strong><em>qui</em></strong></span> <span class='ocrx_word' id='word_1_39' title='bbox 708 725 830 802; x_wconf 70' lang='lat' dir='ltr'><strong><em>adepta</em></strong></span> <span class='ocrx_word' id='word_1_40' title='bbox 841 721 975 802; x_wconf 68' lang='lat' dir='ltr'><strong><em>omunia</em></strong></span> <span class='ocrx_word' id='word_1_41' title='bbox 992 741 1079 786; x_wconf 79' lang='lat' dir='ltr'><strong><em>metm</em></strong></span> <span class='ocrx_word' id='word_1_42' title='bbox 1096 723 1134 787; x_wconf 87' lang='lat' dir='ltr'><strong><em>de</em></strong></span> 
     </span>
     <span class='ocr_line' id='line_1_7' title="bbox 170 804 1132 890; baseline 0.002 -18"><span class='ocrx_word' id='word_1_43' title='bbox 170 810 280 872; x_wconf 76' lang='lat' dir='ltr'><strong><em>incesto</em></strong></span> <span class='ocrx_word' id='word_1_44' title='bbox 293 807 484 872; x_wconf 74' lang='lat' dir='ltr'><strong><em>mannan</em></strong></span> <span class='ocrx_word' id='word_1_45' title='bbox 496 804 648 890; x_wconf 77' lang='lat' dir='ltr'><strong><em>Clodium,</em></strong></span> <span class='ocrx_word' id='word_1_46' title='bbox 666 813 702 872; x_wconf 90' lang='lat' dir='ltr'><strong><em>nt</em></strong></span> <span class='ocrx_word' id='word_1_47' title='bbox 713 813 743 873; x_wconf 90' lang='lat' dir='ltr'><strong><em>et</em></strong></span> <span class='ocrx_word' id='word_1_48' title='bbox 753 809 815 889; x_wconf 78' lang='lat' dir='ltr'><strong><em>ipsi</em></strong></span> <span class='ocrx_word' id='word_1_49' title='bbox 822 810 947 890; x_wconf 72' lang='lat' dir='ltr'><strong><em>piratae</em></strong></span> <span class='ocrx_word' id='word_1_50' title='bbox 958 858 965 872; x_wconf 90' lang='lat'><strong>.</strong></span> <span class='ocrx_word' id='word_1_51' title='bbox 975 858 1000 873; x_wconf 90' lang='lat'><strong><em>..</em></strong></span> <span class='ocrx_word' id='word_1_52' title='bbox 1015 859 1022 873; x_wconf 91' lang='lat'><strong>.</strong></span> <span class='ocrx_word' id='word_1_53' title='bbox 1036 815 1132 875; x_wconf 82' lang='lat' dir='ltr'><strong><em>turae.</em></strong></span> 
     </span>
     <span class='ocr_line' id='line_1_8' title="bbox 192 892 1132 983; baseline 0.002 -23"><span class='ocrx_word' id='word_1_54' title='bbox 192 895 244 960; x_wconf 82' lang='lat'><strong><em>21.</em></strong></span> <span class='ocrx_word' id='word_1_55' title='bbox 267 892 341 959; x_wconf 87' lang='lat' dir='ltr'><strong><em>Nisi</em></strong></span> <span class='ocrx_word' id='word_1_56' title='bbox 362 915 440 959; x_wconf 82' lang='lat' dir='ltr'><strong><em>vero</em></strong></span> <span class='ocrx_word' id='word_1_57' title='bbox 463 893 661 960; x_wconf 79' lang='lat' dir='ltr'><strong>liniamentis</strong></span> <span class='ocrx_word' id='word_1_58' title='bbox 687 895 827 960; x_wconf 81' lang='lat' dir='ltr'><strong><em>hominis</em></strong></span> <span class='ocrx_word' id='word_1_59' title='bbox 855 917 974 961; x_wconf 87' lang='lat' dir='ltr'><strong><em>nomen</em></strong></span> <span class='ocrx_word' id='word_1_60' title='bbox 996 900 1029 961; x_wconf 89' lang='lat' dir='ltr'><strong><em>et</em></strong></span> <span class='ocrx_word' id='word_1_61' title='bbox 1052 897 1132 983; x_wconf 87' lang='lat' dir='ltr'>figu-</span> 
     </span>
     <span class='ocr_line' id='line_1_9' title="bbox 125 983 716 1068; baseline 0.002 -20"><span class='ocrx_word' id='word_1_62' title='bbox 125 983 171 1048; x_wconf 84' lang='lat' dir='ltr'><strong><em>ris</em></strong></span> <span class='ocrx_word' id='word_1_63' title='bbox 193 983 352 1068; x_wconf 86' lang='lat' dir='ltr'><strong><em>positum,</em></strong></span> <span class='ocrx_word' id='word_1_64' title='bbox 373 1003 439 1047; x_wconf 89' lang='lat' dir='ltr'><strong><em>non</em></strong></span> <span class='ocrx_word' id='word_1_65' title='bbox 461 983 588 1048; x_wconf 84' lang='lat' dir='ltr'><strong><em>naturis</em></strong></span> <span class='ocrx_word' id='word_1_66' title='bbox 611 986 716 1068; x_wconf 84' lang='lat' dir='ltr'><strong><em>putas.</em></strong></span> 
     </span>
    </p>
   </div>
   <div class='ocr_carea' id='block_1_3' title="bbox 235 1069 1267 1154">
    <p class='ocr_par' dir='ltr' id='par_1_3' title="bbox 235 1069 1267 1154">
     <span class='ocr_line' id='line_1_10' title="bbox 235 1069 1267 1154; baseline 0.003 -18"><span class='ocrx_word' id='word_1_67' title='bbox 235 1069 355 1152; x_wconf 73' lang='lat' dir='ltr'><strong><em>Dednit</em></strong></span> <span class='ocrx_word' id='word_1_68' title='bbox 375 1070 510 1136; x_wconf 83' lang='lat' dir='ltr'><strong><em>laminis</em></strong></span> <span class='ocrx_word' id='word_1_69' title='bbox 526 1072 745 1154; x_wconf 74' lang='lat' dir='ltr'><strong><em>proprietatem</em></strong></span> <span class='ocrx_word' id='word_1_70' title='bbox 765 1091 829 1137; x_wconf 90' lang='lat' dir='ltr'><strong><em>non</em></strong></span> <span class='ocrx_word' id='word_1_71' title='bbox 854 1071 1045 1138; x_wconf 70' lang='lat' dir='ltr'><strong><em>liniamentis</em></strong></span> <span class='ocrx_word' id='word_1_72' title='bbox 1067 1094 1131 1140; x_wconf 86' lang='lat' dir='ltr'><strong><em>aor-</em></strong></span> <span class='ocrx_word' id='word_1_73' title='bbox 1261 1134 1267 1139; x_wconf 74' lang='grc'><strong>,</strong></span> 
     </span>
    </p>
   </div>
   <div class='ocr_carea' id='block_1_4' title="bbox 5 1111 1048 1240">
    <p class='ocr_par' dir='ltr' id='par_1_4' title="bbox 5 1111 1048 1240">
     <span class='ocr_line' id='line_1_11' title="bbox 5 1111 1048 1240; baseline 0.01 -24"><span class='ocrx_word' id='word_1_74' title='bbox 5 1111 6 1146; x_wconf 24' lang='lat' dir='ltr'><strong><em>i</em></strong></span> <span class='ocrx_word' id='word_1_75' title='bbox 86 1179 111 1218; x_wconf 87' lang='grc' dir='ltr'><strong><em>ιο</em></strong></span> <span class='ocrx_word' id='word_1_76' title='bbox 164 1178 292 1240; x_wconf 74' lang='lat' dir='ltr'><strong><em>porum,</em></strong></span> <span class='ocrx_word' id='word_1_77' title='bbox 314 1159 367 1224; x_wconf 86' lang='lat' dir='ltr'><strong><em>sed</em></strong></span> <span class='ocrx_word' id='word_1_78' title='bbox 387 1159 565 1223; x_wconf 80' lang='lat' dir='ltr'><strong><em>animonom</em></strong></span> <span class='ocrx_word' id='word_1_79' title='bbox 586 1159 785 1240; x_wconf 75' lang='lat' dir='ltr'><strong><em>qualitatibus</em></strong></span> <span class='ocrx_word' id='word_1_80' title='bbox 806 1162 1048 1226; x_wconf 79' lang='lat' dir='ltr'><strong><em>aestumandum.</em></strong></span> 
     </span>
    </p>
   </div>
   <div class='ocr_carea' id='block_1_5' title="bbox 87 1245 1134 1686">
    <p class='ocr_par' dir='ltr' id='par_1_5' title="bbox 126 1245 1132 1419">
     <span class='ocr_line' id='line_1_12' title="bbox 193 1245 1132 1334; baseline 0.006 -24"><span class='ocrx_word' id='word_1_81' title='bbox 193 1246 244 1311; x_wconf 89' lang='grc'><strong>22.</strong></span> <span class='ocrx_word' id='word_1_82' title='bbox 267 1245 350 1311; x_wconf 83' lang='lat' dir='ltr'><strong><em>Tum</em></strong></span> <span class='ocrx_word' id='word_1_83' title='bbox 372 1245 517 1311; x_wconf 81' lang='lat' dir='ltr'><strong><em>habuisti</em></strong></span> <span class='ocrx_word' id='word_1_84' title='bbox 541 1247 697 1330; x_wconf 84' lang='lat' dir='ltr'><strong><em>quasdam</em></strong></span> <span class='ocrx_word' id='word_1_85' title='bbox 719 1246 917 1331; x_wconf 80' lang='lat' dir='ltr'><strong><em>formidines,</em></strong></span> <span class='ocrx_word' id='word_1_86' title='bbox 939 1269 1016 1330; x_wconf 78' lang='lat' dir='ltr'><strong><em>quae</em></strong></span> <span class='ocrx_word' id='word_1_87' title='bbox 1039 1251 1132 1334; x_wconf 82' lang='lat' dir='ltr'><strong><em>quasi</em></strong></span> 
     </span>
     <span class='ocr_line' id='line_1_13' title="bbox 126 1333 805 1419; baseline -0.001 -19"><span class='ocrx_word' id='word_1_88' title='bbox 126 1355 248 1400; x_wconf 80' lang='lat' dir='ltr'><strong><em>sarnus</em></strong></span> <span class='ocrx_word' id='word_1_89' title='bbox 271 1333 429 1417; x_wconf 82' lang='lat' dir='ltr'><strong>quaedam</strong></span> <span class='ocrx_word' id='word_1_90' title='bbox 453 1333 638 1400; x_wconf 81' lang='lat' dir='ltr'><strong><em>exciderunt</em></strong></span> <span class='ocrx_word' id='word_1_91' title='bbox 660 1335 805 1419; x_wconf 86' lang='lat' dir='ltr'><strong><em>impleta.</em></strong></span> 
     </span>
    </p>

    <p class='ocr_par' dir='ltr' id='par_1_6' title="bbox 238 1421 1132 1508">
     <span class='ocr_line' id='line_1_14' title="bbox 238 1421 1132 1508; baseline 0.007 -23"><span class='ocrx_word' id='word_1_92' title='bbox 238 1421 322 1502; x_wconf 75' lang='lat' dir='ltr'><strong><em>Quae</em></strong></span> <span class='ocrx_word' id='word_1_93' title='bbox 338 1422 376 1488; x_wconf 91' lang='lat' dir='ltr'><strong><em>P.</em></strong></span> <span class='ocrx_word' id='word_1_94' title='bbox 395 1421 505 1488; x_wconf 77' lang='lat' dir='ltr'><strong><em>Clodio</em></strong></span> <span class='ocrx_word' id='word_1_95' title='bbox 527 1424 570 1488; x_wconf 92' lang='lat' dir='ltr'><strong><em>ad</em></strong></span> <span class='ocrx_word' id='word_1_96' title='bbox 588 1423 673 1504; x_wconf 73' lang='lat' dir='ltr'><strong><em>tuae</em></strong></span> <span class='ocrx_word' id='word_1_97' title='bbox 694 1423 827 1488; x_wconf 86' lang='lat' dir='ltr'><strong><em>alieuius</em></strong></span> <span class='ocrx_word' id='word_1_98' title='bbox 848 1429 877 1488; x_wconf 84' lang='lat' dir='ltr'><strong><em>et</em></strong></span> <span class='ocrx_word' id='word_1_99' title='bbox 899 1423 1001 1489; x_wconf 84' lang='lat' dir='ltr'><strong><em>belnae</em></strong></span> <span class='ocrx_word' id='word_1_100' title='bbox 1022 1426 1132 1508; x_wconf 82' lang='lat' dir='ltr'><strong><em>simili·</em></strong></span> 
     </span>
    </p>

    <p class='ocr_par' dir='ltr' id='par_1_7' title="bbox 171 1511 1134 1592">
     <span class='ocr_line' id='line_1_15' title="bbox 171 1511 1134 1592; baseline 0.004 -18"><span class='ocrx_word' id='word_1_101' title='bbox 171 1512 306 1576; x_wconf 79' lang='lat' dir='ltr'><strong><em>tudinem</em></strong></span> <span class='ocrx_word' id='word_1_102' title='bbox 333 1511 507 1592; x_wconf 60' lang='lat' dir='ltr'><strong><em>adsemltsit,</em></strong></span> <span class='ocrx_word' id='word_1_103' title='bbox 532 1512 626 1576; x_wconf 88' lang='lat' dir='ltr'><strong><em>etiam</em></strong></span> <span class='ocrx_word' id='word_1_104' title='bbox 652 1511 706 1577; x_wconf 78' lang='lat' dir='ltr'><strong><em>loon</em></strong></span> <span class='ocrx_word' id='word_1_105' title='bbox 730 1513 764 1576; x_wconf 83' lang='lat' dir='ltr'><strong><em>in</em></strong></span> <span class='ocrx_word' id='word_1_106' title='bbox 785 1512 869 1576; x_wconf 81' lang='lat' dir='ltr'><strong><em>enitn</em></strong></span> <span class='ocrx_word' id='word_1_107' title='bbox 892 1514 997 1592; x_wconf 81' lang='lat' dir='ltr'><strong><em>posuit</em></strong></span> <span class='ocrx_word' id='word_1_108' title='bbox 1018 1533 1134 1578; x_wconf 78' lang='lat' dir='ltr'><strong><em>munna</em></strong></span> 
     </span>
    </p>

    <p class='ocr_par' dir='ltr' id='par_1_8' title="bbox 87 1597 1133 1686">
     <span class='ocr_line' id='line_1_16' title="bbox 87 1597 1133 1686; baseline 0.002 -22"><span class='ocrx_word' id='word_1_109' title='bbox 87 1616 112 1657; x_wconf 80' lang='lat'><strong><em>1⁵</em></strong></span> <span class='ocrx_word' id='word_1_110' title='bbox 170 1599 228 1683; x_wconf 83' lang='lat' dir='ltr'><strong><em>dli,</em></strong></span> <span class='ocrx_word' id='word_1_111' title='bbox 241 1618 318 1680; x_wconf 79' lang='lat' dir='ltr'><strong><em>qnae</em></strong></span> <span class='ocrx_word' id='word_1_112' title='bbox 330 1597 470 1664; x_wconf 72' lang='lat' dir='ltr'><strong><em>tabunse</em></strong></span> <span class='ocrx_word' id='word_1_113' title='bbox 481 1601 636 1681; x_wconf 72' lang='lat' dir='ltr'><strong><em>anundum</em></strong></span> <span class='ocrx_word' id='word_1_114' title='bbox 649 1599 814 1678; x_wconf 83' lang='lat' dir='ltr'><strong><em>uidebatur,</em></strong></span> <span class='ocrx_word' id='word_1_115' title='bbox 830 1619 913 1665; x_wconf 81' lang='lat' dir='ltr'><strong><em>niune</em></strong></span> <span class='ocrx_word' id='word_1_116' title='bbox 926 1619 986 1665; x_wconf 85' lang='lat' dir='ltr'><strong><em>esee</em></strong></span> <span class='ocrx_word' id='word_1_117' title='bbox 999 1601 1133 1686; x_wconf 68' lang='lat' dir='ltr'><strong><em>delapso,</em></strong></span> 
     </span>
    </p>
   </div>
   <div class='ocr_carea' id='block_1_6' title="bbox 167 1686 1269 1771">
    <p class='ocr_par' dir='ltr' id='par_1_9' title="bbox 167 1686 1269 1771">
     <span class='ocr_line' id='line_1_17' title="bbox 167 1686 1269 1771; baseline 0.007 -21"><span class='ocrx_word' id='word_1_118' title='bbox 167 1686 376 1751; x_wconf 81' lang='lat' dir='ltr'><strong><em>ninimirum</em></strong></span> <span class='ocrx_word' id='word_1_119' title='bbox 397 1705 502 1752; x_wconf 86' lang='lat' dir='ltr'><strong><em>sensns</em></strong></span> <span class='ocrx_word' id='word_1_120' title='bbox 523 1686 575 1752; x_wconf 87' lang='lat' dir='ltr'><strong><em>ille</em></strong></span> <span class='ocrx_word' id='word_1_121' title='bbox 596 1688 649 1771; x_wconf 87' lang='lat' dir='ltr'><strong><em>sit,</em></strong></span> <span class='ocrx_word' id='word_1_122' title='bbox 676 1689 776 1770; x_wconf 66' lang='lat' dir='ltr'><strong><em>maan</em></strong></span> <span class='ocrx_word' id='word_1_123' title='bbox 801 1688 867 1752; x_wconf 89' lang='lat' dir='ltr'><strong><em>iam</em></strong></span> <span class='ocrx_word' id='word_1_124' title='bbox 888 1692 1039 1754; x_wconf 71' lang='lat' dir='ltr'><strong><em>omnum</em></strong></span> <span class='ocrx_word' id='word_1_125' title='bbox 1062 1688 1132 1756; x_wconf 83' lang='lat' dir='ltr'><strong><em>Clo·</em></strong></span> <span class='ocrx_word' id='word_1_126' title='bbox 1267 1751 1269 1758; x_wconf 93' lang='lat'><em>.</em></span> 
     </span>
    </p>
   </div>
   <div class='ocr_carea' id='block_1_7' title="bbox 170 1773 1132 1947">
    <p class='ocr_par' dir='ltr' id='par_1_10' title="bbox 170 1773 1132 1947">
     <span class='ocr_line' id='line_1_18' title="bbox 170 1773 503 1855; baseline -0.003 -16"><span class='ocrx_word' id='word_1_127' title='bbox 170 1773 256 1840; x_wconf 89' lang='lat' dir='ltr'><strong><em>dium</em></strong></span> <span class='ocrx_word' id='word_1_128' title='bbox 277 1793 371 1855; x_wconf 77' lang='lat' dir='ltr'><strong><em>anam</em></strong></span> <span class='ocrx_word' id='word_1_129' title='bbox 394 1775 503 1839; x_wconf 84' lang='lat' dir='ltr'><strong><em>timeri.</em></strong></span> 
     </span>
     <span class='ocr_line' id='line_1_19' title="bbox 193 1861 1132 1947; baseline 0.002 -21"><span class='ocrx_word' id='word_1_130' title='bbox 193 1861 244 1926; x_wconf 89' lang='grc'><strong><em>23.</em></strong></span> <span class='ocrx_word' id='word_1_131' title='bbox 266 1861 341 1927; x_wconf 90' lang='lat' dir='ltr'><strong><em>Non</em></strong></span> <span class='ocrx_word' id='word_1_132' title='bbox 360 1862 445 1926; x_wconf 86' lang='lat' dir='ltr'><strong><em>enim</em></strong></span> <span class='ocrx_word' id='word_1_133' title='bbox 463 1861 620 1945; x_wconf 82' lang='lat' dir='ltr'><strong><em>viderunt,</em></strong></span> <span class='ocrx_word' id='word_1_134' title='bbox 644 1882 725 1945; x_wconf 89' lang='lat' dir='ltr'><strong><em>quos</em></strong></span> <span class='ocrx_word' id='word_1_135' title='bbox 746 1862 811 1946; x_wconf 84' lang='lat' dir='ltr'><strong><em>ipsi</em></strong></span> <span class='ocrx_word' id='word_1_136' title='bbox 835 1863 1054 1947; x_wconf 79' lang='lat' dir='ltr'><strong><em>exturbarant,</em></strong></span> <span class='ocrx_word' id='word_1_137' title='bbox 1077 1886 1132 1930; x_wconf 88' lang='lat' dir='ltr'><strong><em>eos</em></strong></span> 
     </span>
    </p>
   </div>
   <div class='ocr_carea' id='block_1_8' title="bbox 60 1949 550 2016">
    <p class='ocr_par' dir='ltr' id='par_1_11' title="bbox 60 1949 550 2016">
     <span class='ocr_line' id='line_1_20' title="bbox 60 1949 550 2016; baseline 0 -2"><span class='ocrx_word' id='word_1_138' title='bbox 60 1963 61 1966; x_wconf 75' lang='grc'>’</span> <span class='ocrx_word' id='word_1_139' title='bbox 125 1949 160 2014; x_wconf 87' lang='lat' dir='ltr'><strong><em>in</em></strong></span> <span class='ocrx_word' id='word_1_140' title='bbox 183 1949 348 2016; x_wconf 84' lang='lat' dir='ltr'><strong><em>civitatem</em></strong></span> <span class='ocrx_word' id='word_1_141' title='bbox 370 1950 550 2014; x_wconf 83' lang='lat' dir='ltr'><strong><em>restitutos.</em></strong></span> 
     </span>
    </p>
   </div>
   <div class='ocr_carea' id='block_1_9' title="bbox 5 1539 13 1862">
    <p class='ocr_par' dir='ltr' id='par_1_12' title="bbox 5 1539 13 1862">
     <span class='ocr_line' id='line_1_21' title="bbox 5 1539 13 1862; baseline 0 0"><span class='ocrx_word' id='word_1_142' title='bbox 5 1539 13 1862; x_wconf 87' lang='lat' dir='ltr'><strong><em>l</em></strong></span> 
     </span>
    </p>
   </div>
   <div class='ocr_carea' id='block_1_10' title="bbox 85 2035 1134 3524">
    <p class='ocr_par' dir='ltr' id='par_1_13' title="bbox 85 2035 1134 3524">
     <span class='ocr_line' id='line_1_22' title="bbox 87 2035 1133 2121; baseline 0.008 -25"><span class='ocrx_word' id='word_1_143' title='bbox 87 2056 113 2096; x_wconf 85' lang='lat' dir='ltr'><strong><em>n</em></strong></span> <span class='ocrx_word' id='word_1_144' title='bbox 238 2035 270 2104; x_wconf 83' lang='lat' dir='ltr'><strong><em>O.</em></strong></span> <span class='ocrx_word' id='word_1_145' title='bbox 285 2036 418 2102; x_wconf 71' lang='lat' dir='ltr'><strong><em>arnan·</em></strong></span> <span class='ocrx_word' id='word_1_146' title='bbox 435 2043 464 2102; x_wconf 87' lang='lat' dir='ltr'><strong><em>et</em></strong></span> <span class='ocrx_word' id='word_1_147' title='bbox 479 2035 647 2102; x_wconf 78' lang='lat' dir='ltr'><strong><em>Sotnnuini</em></strong></span> <span class='ocrx_word' id='word_1_148' title='bbox 668 2037 804 2119; x_wconf 70' lang='lat' dir='ltr'><strong><em>memoli</em></strong></span> <span class='ocrx_word' id='word_1_149' title='bbox 826 2038 981 2121; x_wconf 86' lang='lat' dir='ltr'><strong><em>intulerat,</em></strong></span> <span class='ocrx_word' id='word_1_150' title='bbox 1003 2058 1133 2120; x_wconf 77' lang='lat' dir='ltr'><strong><em>quonam</em></strong></span> 
     </span>
     <span class='ocr_line' id='line_1_23' title="bbox 112 2119 1133 2210; baseline 0.002 -20"><span class='ocrx_word' id='word_1_151' title='bbox 112 2119 116 2127; x_wconf 82' lang='grc'><strong>’</strong></span> <span class='ocrx_word' id='word_1_152' title='bbox 170 2125 248 2190; x_wconf 72' lang='lat' dir='ltr'><strong><em>almo</em></strong></span> <span class='ocrx_word' id='word_1_153' title='bbox 269 2126 304 2190; x_wconf 89' lang='lat' dir='ltr'><strong><em>in</em></strong></span> <span class='ocrx_word' id='word_1_154' title='bbox 321 2125 474 2190; x_wconf 83' lang='lat' dir='ltr'><strong><em>Aventino</em></strong></span> <span class='ocrx_word' id='word_1_155' title='bbox 491 2125 665 2205; x_wconf 75' lang='lat' dir='ltr'><strong><em>interfectum</em></strong></span> <span class='ocrx_word' id='word_1_156' title='bbox 687 2130 738 2210; x_wconf 83' lang='lat' dir='ltr'><strong><em>est,</em></strong></span> <span class='ocrx_word' id='word_1_157' title='bbox 760 2126 837 2190; x_wconf 83' lang='lat' dir='ltr'><strong><em>alter</em></strong></span> <span class='ocrx_word' id='word_1_158' title='bbox 856 2123 1005 2207; x_wconf 75' lang='lat' dir='ltr'><strong><em>Capitolio</em></strong></span> <span class='ocrx_word' id='word_1_159' title='bbox 1028 2129 1133 2192; x_wconf 85' lang='lat' dir='ltr'><strong><em>dedno-</em></strong></span> 
     </span>
     <span class='ocr_line' id='line_1_24' title="bbox 171 2212 1133 2297; baseline 0.003 -19"><span class='ocrx_word' id='word_1_160' title='bbox 171 2217 220 2279; x_wconf 80' lang='lat' dir='ltr'><strong><em>tus</em></strong></span> <span class='ocrx_word' id='word_1_161' title='bbox 251 2233 320 2278; x_wconf 88' lang='lat' dir='ltr'><strong><em>oum</em></strong></span> <span class='ocrx_word' id='word_1_162' title='bbox 352 2212 486 2279; x_wconf 80' lang='lat' dir='ltr'><strong><em>Glaneia</em></strong></span> <span class='ocrx_word' id='word_1_163' title='bbox 510 2218 653 2295; x_wconf 71' lang='lat' dir='ltr'><strong><em>praetore</em></strong></span> <span class='ocrx_word' id='word_1_164' title='bbox 682 2213 848 2296; x_wconf 71' lang='lat' dir='ltr'><strong><em>inaulatns.</em></strong></span> <span class='ocrx_word' id='word_1_165' title='bbox 898 2213 974 2280; x_wconf 85' lang='lat' dir='ltr'><strong><em>Post</em></strong></span> <span class='ocrx_word' id='word_1_166' title='bbox 1003 2236 1133 2297; x_wconf 75' lang='lat' dir='ltr'><strong><em>quonum</em></strong></span> 
     </span>
     <span class='ocr_line' id='line_1_25' title="bbox 170 2301 1133 2384; baseline 0.002 -18"><span class='ocrx_word' id='word_1_167' title='bbox 170 2321 270 2366; x_wconf 83' lang='lat' dir='ltr'><strong><em>necem</em></strong></span> <span class='ocrx_word' id='word_1_168' title='bbox 295 2301 447 2366; x_wconf 81' lang='lat' dir='ltr'><strong><em>restitutos</em></strong></span> <span class='ocrx_word' id='word_1_169' title='bbox 477 2303 513 2366; x_wconf 90' lang='lat' dir='ltr'><strong><em>in</em></strong></span> <span class='ocrx_word' id='word_1_170' title='bbox 544 2303 694 2366; x_wconf 79' lang='lat' dir='ltr'><strong><em>anatem</em></strong></span> <span class='ocrx_word' id='word_1_171' title='bbox 722 2302 877 2384; x_wconf 72' lang='lat' dir='ltr'><strong><em>siqnideot</em></strong></span> <span class='ocrx_word' id='word_1_172' title='bbox 901 2302 939 2366; x_wconf 89' lang='lat' dir='ltr'><strong><em>P.</em></strong></span> <span class='ocrx_word' id='word_1_173' title='bbox 966 2302 1133 2384; x_wconf 76' lang='lat' dir='ltr'><strong><em>Popilium,</em></strong></span> 
     </span>
     <span class='ocr_line' id='line_1_26' title="bbox 170 2387 1134 2474; baseline 0.004 -22"><span class='ocrx_word' id='word_1_174' title='bbox 170 2390 225 2470; x_wconf 78' lang='lat' dir='ltr'><strong><em>qni</em></strong></span> <span class='ocrx_word' id='word_1_175' title='bbox 247 2387 384 2454; x_wconf 57' lang='lat' dir='ltr'><strong><em>&amp;anto</em></strong></span> <span class='ocrx_word' id='word_1_176' title='bbox 405 2393 540 2471; x_wconf 75' lang='lat' dir='ltr'><strong><em>meseum,</em></strong></span> <span class='ocrx_word' id='word_1_177' title='bbox 562 2394 591 2454; x_wconf 87' lang='lat' dir='ltr'><strong><em>et</em></strong></span> <span class='ocrx_word' id='word_1_178' title='bbox 613 2388 648 2468; x_wconf 74' lang='lat' dir='ltr'><strong><em>Q.</em></strong></span> <span class='ocrx_word' id='word_1_179' title='bbox 670 2389 830 2454; x_wconf 82' lang='lat' dir='ltr'><strong><em>Metellum</em></strong></span> <span class='ocrx_word' id='word_1_180' title='bbox 847 2390 1058 2474; x_wconf 78' lang='lat' dir='ltr'><strong><em>Numidicum,</em></strong></span> <span class='ocrx_word' id='word_1_181' title='bbox 1079 2393 1134 2474; x_wconf 78' lang='lat' dir='ltr'><strong><em>qui</em></strong></span> 
     </span>
     <span class='ocr_line' id='line_1_27' title="bbox 87 2476 1133 2558; baseline 0.004 -18"><span class='ocrx_word' id='word_1_182' title='bbox 87 2493 113 2534; x_wconf 76' lang='lat' dir='ltr'><strong><em>m</em></strong></span> <span class='ocrx_word' id='word_1_183' title='bbox 171 2481 205 2541; x_wconf 92' lang='lat' dir='ltr'><strong><em>nt</em></strong></span> <span class='ocrx_word' id='word_1_184' title='bbox 221 2477 396 2544; x_wconf 66' lang='lat' dir='ltr'><strong><em>domoon</em></strong></span> <span class='ocrx_word' id='word_1_185' title='bbox 414 2477 451 2542; x_wconf 87' lang='lat' dir='ltr'><strong><em>L.</em></strong></span> <span class='ocrx_word' id='word_1_186' title='bbox 468 2476 584 2558; x_wconf 75' lang='lat' dir='ltr'><strong><em>Apulei</em></strong></span> <span class='ocrx_word' id='word_1_187' title='bbox 605 2476 828 2558; x_wconf 70' lang='lat' dir='ltr'><strong><em>subterfuqeret</em></strong></span> <span class='ocrx_word' id='word_1_188' title='bbox 844 2478 1028 2544; x_wconf 69' lang='lat' dir='ltr'><strong><em>eontanas.</em></strong></span> <span class='ocrx_word' id='word_1_189' title='bbox 1060 2478 1133 2544; x_wconf 79' lang='lat' dir='ltr'><strong><em>on</em></strong></span> 
     </span>
     <span class='ocr_line' id='line_1_28' title="bbox 170 2564 1133 2648; baseline 0.003 -18"><span class='ocrx_word' id='word_1_190' title='bbox 170 2566 273 2630; x_wconf 76' lang='lat' dir='ltr'><strong><em>motor</em></strong></span> <span class='ocrx_word' id='word_1_191' title='bbox 288 2585 359 2648; x_wconf 75' lang='lat' dir='ltr'><strong><em>eroo</em></strong></span> <span class='ocrx_word' id='word_1_192' title='bbox 375 2584 430 2630; x_wconf 87' lang='lat' dir='ltr'><strong><em>sno</em></strong></span> <span class='ocrx_word' id='word_1_193' title='bbox 446 2565 577 2648; x_wconf 86' lang='lat' dir='ltr'><strong><em>nomine,</em></strong></span> <span class='ocrx_word' id='word_1_194' title='bbox 594 2565 675 2646; x_wconf 77' lang='lat' dir='ltr'><strong><em>quod</em></strong></span> <span class='ocrx_word' id='word_1_195' title='bbox 686 2564 800 2630; x_wconf 87' lang='lat' dir='ltr'><strong><em>oioente</em></strong></span> <span class='ocrx_word' id='word_1_196' title='bbox 817 2566 943 2631; x_wconf 79' lang='lat' dir='ltr'><strong><em>inimico</em></strong></span> <span class='ocrx_word' id='word_1_197' title='bbox 955 2586 1010 2632; x_wconf 88' lang='lat' dir='ltr'><strong><em>sno</em></strong></span> <span class='ocrx_word' id='word_1_198' title='bbox 1024 2564 1133 2633; x_wconf 76' lang='lat' dir='ltr'><strong><em>Clodio</em></strong></span> 
     </span>
     <span class='ocr_line' id='line_1_29' title="bbox 170 2654 397 2718; baseline 0 -2"><span class='ocrx_word' id='word_1_199' title='bbox 170 2655 327 2718; x_wconf 78' lang='lat' dir='ltr'><strong><em>resdtntns</em></strong></span> <span class='ocrx_word' id='word_1_200' title='bbox 348 2654 397 2718; x_wconf 88' lang='lat' dir='ltr'><strong><em>sit.</em></strong></span> 
     </span>
     <span class='ocr_line' id='line_1_30' title="bbox 174 2738 1134 2841; baseline 0.001 -37"><span class='ocrx_word' id='word_1_201' title='bbox 174 2741 244 2841; x_wconf 80' lang='grc'><strong>24.</strong></span> <span class='ocrx_word' id='word_1_202' title='bbox 272 2740 328 2824; x_wconf 87' lang='lat' dir='ltr'><strong><em>qui</em></strong></span> <span class='ocrx_word' id='word_1_203' title='bbox 351 2740 449 2805; x_wconf 89' lang='lat' dir='ltr'><strong><em>armis</em></strong></span> <span class='ocrx_word' id='word_1_204' title='bbox 473 2740 641 2806; x_wconf 83' lang='lat' dir='ltr'><strong><em>cessissem</em></strong></span> <span class='ocrx_word' id='word_1_205' title='bbox 664 2738 717 2803; x_wconf 82' lang='lat' dir='ltr'><strong><em>ve]</em></strong></span> <span class='ocrx_word' id='word_1_206' title='bbox 740 2739 805 2803; x_wconf 87' lang='lat' dir='ltr'><strong><em>tuis</em></strong></span> <span class='ocrx_word' id='word_1_207' title='bbox 828 2739 974 2822; x_wconf 85' lang='lat' dir='ltr'><strong><em>urbanis,</em></strong></span> <span class='ocrx_word' id='word_1_208' title='bbox 1004 2740 1069 2822; x_wconf 88' lang='lat' dir='ltr'><strong><em>vel,</em></strong></span> <span class='ocrx_word' id='word_1_209' title='bbox 1096 2745 1134 2805; x_wconf 85' lang='lat' dir='ltr'><strong><em>nt</em></strong></span> 
     </span>
     <span class='ocr_line' id='line_1_31' title="bbox 87 2828 1133 2999; baseline -0.002 -17"><span class='ocrx_word' id='word_1_210' title='bbox 87 2933 114 2973; x_wconf 79' lang='lat'><strong><em>³⁰</em></strong></span> <span class='ocrx_word' id='word_1_211' title='bbox 128 2828 622 2998; x_wconf 52' lang='lat' dir='ltr'><strong><em>opmoettiiilbitiisaiitaiieeeiillae</em></strong></span> <span class='ocrx_word' id='word_1_212' title='bbox 641 2963 714 2980; x_wconf 87' lang='lat'><strong>....</strong></span> <span class='ocrx_word' id='word_1_213' title='bbox 732 2912 794 2980; x_wconf 79' lang='lat' dir='ltr'><strong><em>Sed</em></strong></span> <span class='ocrx_word' id='word_1_214' title='bbox 813 2914 863 2979; x_wconf 83' lang='lat' dir='ltr'><strong><em>itia</em></strong></span> <span class='ocrx_word' id='word_1_215' title='bbox 884 2915 1016 2980; x_wconf 61' lang='lat' dir='ltr'><strong><em>maome</em></strong></span> <span class='ocrx_word' id='word_1_216' title='bbox 1037 2915 1133 2999; x_wconf 77' lang='lat' dir='ltr'><strong><em>ontio,</em></strong></span> 
     </span>
     <span class='ocr_line' id='line_1_32' title="bbox 170 3002 1134 3086; baseline -0.001 -18"><span class='ocrx_word' id='word_1_217' title='bbox 170 3023 208 3068; x_wconf 87' lang='lat' dir='ltr'><strong><em>ne</em></strong></span> <span class='ocrx_word' id='word_1_218' title='bbox 234 3005 304 3086; x_wconf 79' lang='lat' dir='ltr'><strong><em>quis</em></strong></span> <span class='ocrx_word' id='word_1_219' title='bbox 330 3005 518 3070; x_wconf 73' lang='lat' dir='ltr'><strong><em>mistimoret</em></strong></span> <span class='ocrx_word' id='word_1_220' title='bbox 542 3004 632 3085; x_wconf 81' lang='lat' dir='ltr'><strong><em>qnasi</em></strong></span> <span class='ocrx_word' id='word_1_221' title='bbox 659 3002 771 3067; x_wconf 85' lang='lat' dir='ltr'><strong><em>bonnm</em></strong></span> <span class='ocrx_word' id='word_1_222' title='bbox 796 3003 899 3068; x_wconf 81' lang='lat' dir='ltr'><strong><em>oionm</em></strong></span> <span class='ocrx_word' id='word_1_223' title='bbox 922 3003 1091 3068; x_wconf 73' lang='lat' dir='ltr'><strong><em>dedicatum</em></strong></span> <span class='ocrx_word' id='word_1_224' title='bbox 1113 3024 1134 3067; x_wconf 88' lang='lat' dir='ltr'><strong><em>o</em></strong></span> 
     </span>
     <span class='ocr_line' id='line_1_33' title="bbox 170 3090 1132 3174; baseline -0.003 -17"><span class='ocrx_word' id='word_1_225' title='bbox 170 3090 315 3174; x_wconf 70' lang='lat' dir='ltr'><strong><em>Panemo</em></strong></span> <span class='ocrx_word' id='word_1_226' title='bbox 337 3112 414 3168; x_wconf 85' lang='lat' dir='ltr'><strong><em>amn,</em></strong></span> <span class='ocrx_word' id='word_1_227' title='bbox 436 3111 505 3157; x_wconf 83' lang='lat' dir='ltr'><strong><em>anm</em></strong></span> <span class='ocrx_word' id='word_1_228' title='bbox 522 3111 581 3173; x_wconf 78' lang='lat' dir='ltr'><strong><em>ano</em></strong></span> <span class='ocrx_word' id='word_1_229' title='bbox 599 3109 731 3156; x_wconf 81' lang='lat' dir='ltr'><strong><em>meroem</em></strong></span> <span class='ocrx_word' id='word_1_230' title='bbox 748 3091 870 3158; x_wconf 72' lang='lat' dir='ltr'><strong><em>desierit</em></strong></span> <span class='ocrx_word' id='word_1_231' title='bbox 886 3091 1063 3171; x_wconf 78' lang='lat' dir='ltr'><strong><em>simultatm,</em></strong></span> <span class='ocrx_word' id='word_1_232' title='bbox 1085 3092 1132 3155; x_wconf 92' lang='lat' dir='ltr'><strong><em>in-</em></strong></span> 
     </span>
     <span class='ocr_line' id='line_1_34' title="bbox 169 3178 1133 3262; baseline -0.003 -18"><span class='ocrx_word' id='word_1_233' title='bbox 169 3179 309 3262; x_wconf 65' lang='lat' dir='ltr'><strong><em>onnam</em></strong></span> <span class='ocrx_word' id='word_1_234' title='bbox 332 3179 466 3259; x_wconf 64' lang='lat' dir='ltr'><strong><em>nelma,</em></strong></span> <span class='ocrx_word' id='word_1_235' title='bbox 495 3184 531 3244; x_wconf 90' lang='lat' dir='ltr'><strong><em>nt</em></strong></span> <span class='ocrx_word' id='word_1_236' title='bbox 555 3198 625 3244; x_wconf 87' lang='lat' dir='ltr'><strong><em>enm</em></strong></span> <span class='ocrx_word' id='word_1_237' title='bbox 650 3179 753 3243; x_wconf 85' lang='lat' dir='ltr'><strong><em>uirum</em></strong></span> <span class='ocrx_word' id='word_1_238' title='bbox 780 3179 991 3244; x_wconf 66' lang='lat' dir='ltr'><strong><em>camenam</em></strong></span> <span class='ocrx_word' id='word_1_239' title='bbox 1017 3178 1133 3260; x_wconf 75' lang='lat' dir='ltr'><strong><em>diceet,</em></strong></span> 
     </span>
     <span class='ocr_line' id='line_1_35' title="bbox 170 3265 1133 3349; baseline -0.002 -17"><span class='ocrx_word' id='word_1_240' title='bbox 170 3269 223 3349; x_wconf 77' lang='lat' dir='ltr'><strong><em>qui</em></strong></span> <span class='ocrx_word' id='word_1_241' title='bbox 240 3287 304 3332; x_wconf 91' lang='lat' dir='ltr'><strong><em>non</em></strong></span> <span class='ocrx_word' id='word_1_242' title='bbox 320 3269 421 3349; x_wconf 67' lang='lat' dir='ltr'><strong><em>mauis</em></strong></span> <span class='ocrx_word' id='word_1_243' title='bbox 443 3269 479 3332; x_wconf 86' lang='lat' dir='ltr'><strong><em>de</em></strong></span> <span class='ocrx_word' id='word_1_244' title='bbox 500 3267 560 3348; x_wconf 69' lang='lat' dir='ltr'><strong><em>tide</em></strong></span> <span class='ocrx_word' id='word_1_245' title='bbox 578 3265 670 3332; x_wconf 84' lang='lat' dir='ltr'><strong><em>Glodi</em></strong></span> <span class='ocrx_word' id='word_1_246' title='bbox 692 3271 721 3330; x_wconf 89' lang='lat' dir='ltr'><strong><em>et</em></strong></span> <span class='ocrx_word' id='word_1_247' title='bbox 740 3265 923 3349; x_wconf 81' lang='lat' dir='ltr'><strong><em>mnoamtia,</em></strong></span> <span class='ocrx_word' id='word_1_248' title='bbox 945 3285 1023 3348; x_wconf 71' lang='lat' dir='ltr'><strong><em>quoe</em></strong></span> <span class='ocrx_word' id='word_1_249' title='bbox 1044 3265 1133 3331; x_wconf 85' lang='lat' dir='ltr'><strong><em>nullo</em></strong></span> 
     </span>
     <span class='ocr_line' id='line_1_36' title="bbox 85 3352 1107 3438; baseline 0 -18"><span class='ocrx_word' id='word_1_250' title='bbox 85 3369 111 3411; x_wconf 75' lang='lat'><strong><em>³⁶</em></strong></span> <span class='ocrx_word' id='word_1_251' title='bbox 169 3356 219 3438; x_wconf 86' lang='lat' dir='ltr'><strong><em>sit,</em></strong></span> <span class='ocrx_word' id='word_1_252' title='bbox 234 3375 336 3437; x_wconf 72' lang='lat' dir='ltr'><strong><em>‚quam</em></strong></span> <span class='ocrx_word' id='word_1_253' title='bbox 357 3357 393 3420; x_wconf 90' lang='lat' dir='ltr'><strong><em>de</em></strong></span> <span class='ocrx_word' id='word_1_254' title='bbox 415 3374 473 3420; x_wconf 85' lang='lat' dir='ltr'><strong><em>sna</em></strong></span> <span class='ocrx_word' id='word_1_255' title='bbox 489 3354 685 3437; x_wconf 79' lang='lat' dir='ltr'><strong><em>prouidentia</em></strong></span> <span class='ocrx_word' id='word_1_256' title='bbox 707 3352 815 3420; x_wconf 77' lang='lat' dir='ltr'><strong><em>tatem</em></strong></span> <span class='ocrx_word' id='word_1_257' title='bbox 835 3355 1025 3420; x_wconf 78' lang='lat' dir='ltr'><strong><em>emunitatem</em></strong></span> <span class='ocrx_word' id='word_1_258' title='bbox 1045 3355 1107 3420; x_wconf 75' lang='lat' dir='ltr'><strong><em>no</em></strong></span> 
     </span>
     <span class='ocr_line' id='line_1_37' title="bbox 170 3441 716 3524; baseline -0.004 -16"><span class='ocrx_word' id='word_1_259' title='bbox 170 3461 239 3508; x_wconf 84' lang='lat' dir='ltr'><strong><em>nnn</em></strong></span> <span class='ocrx_word' id='word_1_260' title='bbox 262 3443 327 3510; x_wconf 81' lang='lat' dir='ltr'><strong><em>eius</em></strong></span> <span class='ocrx_word' id='word_1_261' title='bbox 347 3443 473 3509; x_wconf 80' lang='lat' dir='ltr'><strong><em>insidiis</em></strong></span> <span class='ocrx_word' id='word_1_262' title='bbox 493 3442 592 3524; x_wconf 71' lang='lat' dir='ltr'><strong><em>decim</em></strong></span> <span class='ocrx_word' id='word_1_263' title='bbox 608 3441 716 3524; x_wconf 77' lang='lat' dir='ltr'><strong><em>possit.</em></strong></span> 
     </span>
    </p>
   </div>
   <div class='ocr_carea' id='block_1_11' title="bbox 522 3601 734 3612">
    <p class='ocr_par' dir='ltr' id='par_1_14' title="bbox 522 3601 734 3612">
     <span class='ocr_line' id='line_1_38' title="bbox 522 3601 734 3612; baseline 0 -2"><span class='ocrx_word' id='word_1_264' title='bbox 522 3601 734 3612; x_wconf 75' lang='lat'><strong>—-...---.--</strong></span> 
     </span>
    </p>
   </div>
   <div class='ocr_carea' id='block_1_12' title="bbox 0 0 1292 3944">
    <p class='ocr_par' dir='ltr' id='par_1_15' title="bbox 0 0 1292 3944">
     <span class='ocr_line' id='line_1_39' title="bbox 0 0 1292 3944; baseline 0 0"><span class='ocrx_word' id='word_1_265' title='bbox 0 0 1292 3944; x_wconf 95' lang='lat' dir='ltr'><strong><em> </em></strong></span> 
     </span>
    </p>
   </div>
  </div>
 </body>
</html>
