2504 3950
316 159 384 218 ms.
403 162 425 218 1.
463 161 539 220 csP.
559 170 671 220 av-sa
707 170 888 232 §133-139.
1061 163 1104 228 47

99 323 171 407 rice,
196 323 234 388 in
257 324 374 406 quibus
396 325 552 391 utendum
575 329 624 390 est
646 325 786 392 fortasse
809 329 843 391 et
864 327 953 394 vocis
977 331 1106 393 conten·

99 412 184 478 tione
208 412 334 477 maiore
357 415 390 476 et
411 414 584 478 verborum
608 414 771 498 gravitate
794 414 931 497 acriore,
953 415 987 480 id
1010 437 1105 502 agen·

99 500 171 565 dum
195 499 311 584 etiam,
333 504 370 565 ut
392 522 431 566 ea
452 500 559 567 facere
581 502 748 567 videamur
770 501 856 568 irati.
901 501 976 587 Sed,
1004 507 1041 569 ut
1064 503 1105 568 ad

97 587 254 653 urendum
283 591 316 653 et
343 589 529 673 secandum,
561 589 608 656 sic
635 590 676 655 ad
703 590 765 656 hoc
793 611 894 676 genus
922 591 1105 676 castigandi

74 693 170 742 ⁵raro
193 676 354 761 invitique
376 677 541 743 veniemus
563 699 623 743 nec
645 699 799 764 umquam
825 677 890 742 nisi
914 679 1105 763 necessario,

97 765 123 830 si
145 764 241 830 nulla
262 764 441 849 reperietur
464 765 530 830 alia
551 765 722 850 medicina3
753 765 809 832 sed
835 769 946 832 tamen
966 767 1015 832 ira
1033 788 1106 852 pro·

97 853 145 918 cul
170 853 275 936 absit,
298 872 371 917 cum
394 875 458 938 qua
479 851 562 919 nihil
584 857 670 919 recte
692 854 776 937 fieri,
798 853 882 920 nihil
904 854 1106 922 considerate

95 944 214 1026 potest.
251 939 406 1028 Magnam
426 945 534 1007 autem
551 945 678 1028 partem
701 943 853 1008 clementi
875 943 1091 1029 castigatione
1108 959 1157 1009 137

96 1029 172 1096 licet
194 1028 259 1113 uti,
288 1029 449 1116 gravitate
477 1034 587 1095 tamen
614 1031 778 1115 adiuncta,
807 1035 845 1096 ut
872 1033 1028 1097 severitas
1052 1032 1106 1098 ad·

63 1118 249 1182 ohibeatur
271 1121 305 1182 et
332 1119 528 1184 contumelia
554 1118 745 1203 repellatur,
771 1122 870 1204 atque
897 1121 995 1184 etiam
1022 1119 1106 1185 illud

95 1206 213 1290 ipsum
227 1205 314 1290 quod
328 1205 515 1272 acerbitatis
529 1206 630 1272 habet
644 1207 838 1292 obiurgatio,
857 1207 1104 1292 significandum

96 1298 159 1378 est,
185 1293 292 1379 ipsius
313 1293 347 1358 id
370 1315 480 1378 causa,
508 1295 564 1379 qui
586 1295 788 1380 obiurgetur,
816 1315 887 1359 esse
909 1299 1104 1380 susceptum.

95 1381 234 1447 Rectum
257 1384 308 1446 est
331 1385 439 1447 autem
462 1382 561 1447 etiarn
584 1384 619 1448 in
640 1383 708 1447 illis
729 1382 999 1465 contentionibus,
1023 1404 1105 1467 quae

95 1491 168 1535 cum
190 1468 425 1535 inimicissimis
448 1471 542 1554 fiunt,
570 1471 699 1537 etiamsi
721 1471 816 1536 nobis
839 1470 974 1557 indigna
998 1471 1106 1536 audia-

62 1573 83 1614 15
96 1580 178 1640 mus,
198 1562 313 1623 tamen
335 1558 531 1644 gravitatem
548 1559 696 1641 retinere,
719 1559 918 1624 iracundiam
939 1559 1104 1644 repellere.

97 1645 184 1722 Quae
212 1645 299 1711 enim
328 1667 400 1710 cum
433 1647 542 1730 aliqua
572 1647 817 1732 perturbatione
848 1648 945 1731 fiunt,
977 1668 1016 1713 ea
1046 1668 1105 1713 nec

98 1738 285 1800 constanter
311 1733 383 1799 fieri
409 1738 546 1820 possunt
572 1756 676 1818 neque
702 1734 757 1817 iis,
791 1735 846 1818 qui
874 1735 1006 1820 adsunt,
1032 1757 1105 1821 pro·

98 1823 174 1888 bari.
212 1821 368 1888 Deforme
386 1823 485 1887 etiam
503 1826 553 1887 est
572 1821 611 1888 de
629 1843 664 1887 se
686 1821 793 1905 ipsum
816 1823 1003 1907 praedicare
1019 1823 1105 1888 falsa

98 1911 289 1994 praesertim
313 1915 346 1976 et
368 1931 441 1976 cum
463 1910 617 1975 inrisione
645 1909 844 1975 audientium
871 1910 995 1975 imitari
1022 1911 1105 1974 mili-

62 2013 87 2052 ω
98 2003 162 2064 tem
180 1998 376 2084 gloriosum.

160 2085 206 2151 Et
230 2087 384 2170 quoniam
407 2087 517 2152 omnia
534 2085 765 2172 persequimur,
788 2087 939 2152 volumus
962 2056 1158 2184 quidem1332

98 2179 195 2259 certe,
223 2175 393 2240 dicendum
416 2179 466 2239 est
493 2175 605 2259 etiam,
635 2176 764 2258 qualem
787 2173 928 2240 hominis
952 2175 1105 2242 honorati

98 2266 129 2326 et
149 2261 309 2349 principis
333 2262 463 2328 domum
482 2263 610 2348 placeat
633 2283 712 2345 esse,
735 2263 824 2328 cuius
847 2263 922 2328 finis
945 2267 996 2328 est
1017 2285 1106 2348 usus,

98 2349 256 2435 adquam
284 2349 554 2416 accommodanda
576 2354 627 2432 est
654 2350 843 2416 aedificandi
870 2350 1044 2436 descriptio
1072 2355 1107 2418 et

61 2451 85 2492 ²⁵
96 2442 207 2504 tamen
225 2437 410 2504 adhibenda
424 2438 663 2504 commoditatis
678 2439 911 2524 dignitatisque
925 2439 1104 2526 diligentia.

96 2525 151 2591 On
174 2526 323 2611 Octavio,
346 2526 401 2610 qui
423 2527 547 2612 primus
570 2549 609 2592 ex
631 2527 691 2593 illa
712 2527 840 2592 familia
861 2527 974 2593 consul
997 2527 1105 2593 factus

96 2618 156 2698 est,
178 2614 300 2680 honori
321 2613 422 2678 fuisse
445 2615 639 2700 accepimus,
666 2614 752 2699 quod
774 2615 976 2698 praeclaram
998 2615 1105 2680 aedifi-

95 2705 201 2767 casset
227 2702 265 2768 in
290 2700 419 2767 Palatio
448 2705 481 2768 et
503 2704 632 2788 plenam
656 2701 827 2788 dignitatis
850 2701 995 2784 domum3
1023 2723 1104 2785 quae

95 2812 166 2854 cum
189 2789 293 2874 vulgo
316 2789 483 2874 viseretur,
506 2790 686 2876 suffragata
705 2788 845 2872 domino,
867 2809 952 2854 novo
971 2789 1105 2873 homini,

60 2878 134 2942 aad
169 2878 378 2944 consulatum
413 2878 603 2963 putabatur3
639 2878 723 2943 hanc
755 2875 893 2943 Scaurus
930 2877 1106 2943 demolitus

94 2967 313 3032 accessionem
346 2965 492 3030 adiunxit
524 2967 665 3031 aedibus.
710 2965 826 3050 Itaque
857 2965 914 3030 ille
946 2965 981 3029 in
1012 2987 1105 3030 suam

94 3054 226 3120 domum
246 3055 452 3121 consulatum
470 3054 595 3140 primus
615 3054 737 3138 attulit,
759 3053 821 3136 hic,
845 3053 963 3118 summi
986 3056 1019 3116 et
1042 3053 1104 3118 cla·

93 3142 216 3208 msimi
237 3142 302 3208 viri
324 3143 421 3224 filius,
442 3143 478 3207 in
496 3141 626 3208 domum
645 3141 897 3226 multiplicatam
915 3161 982 3206 non
1000 3142 1105 3226 repul·

94 3251 162 3296 sam
188 3231 297 3298 solum
319 3231 457 3314 rettulit,
480 3227 537 3296 sed
559 3229 774 3318 ignominiam
796 3229 895 3296 etiam
918 3233 952 3294 et
974 3230 1104 3295 calami-

60 3328 81 3370 ⁵⁵
93 3321 206 3384 tatem,
226 3317 393 3384 Ornanda
406 3319 492 3385 enim
507 3321 558 3384 est
572 3319 714 3404 dignitas
729 3316 834 3402 domo,
853 3338 918 3383 non
937 3339 976 3382 ex
995 3317 1090 3383 domo
1106 3332 1157 3380 raa

93 3409 163 3472 tota
182 3406 376 3494 quaerenda,
393 3428 453 3473 nec
471 3407 567 3472 domo
587 3407 744 3489 dominus,
766 3405 821 3470 sed
841 3405 970 3470 domino
990 3404 1104 3470 domus

93 3493 298 3564 honestanda
320 3499 383 3579 est,
409 3500 457 3579 et,
484 3499 522 3560 ut
548 3494 583 3559 in
610 3493 725 3560 ceteris
752 3492 902 3558 habenda
928 3491 1013 3555 ratio
1037 3509 1104 3553 non
