2542 3950
305 197 444 252 FACETE
463 197 659 254 DIOTORUM.
678 197 711 254 G.
729 198 875 255 bas-50.
1036 198 1100 266 349

157 359 211 426 43.
233 359 319 450 ῌαί.
342 359 403 427 oio.
421 365 466 426 26
487 363 681 426 Νεανίσκου
704 357 744 425 δέ
763 383 854 436 τινος
875 361 987 425 αίτίαν
1010 361 1099 442 ἕχον-

87 480 149 534 τος
170 456 208 522 ἐν
230 458 413 522 πλακοῦντι
436 452 615 541 φάρμακον
637 457 683 545 τῷ
702 453 800 539 πατρὶ
820 454 1001 522 δεδωκέναι
1018 463 1101 540 θρα-

90 551 282 636 συνομένου
299 551 356 617 καλ
374 551 540 637 λέγοντος,
563 550 614 618 ότι
632 549 823 637 λοιδορήσει
842 549 902 618 τὸν
915 552 1102 638 Κικέρωνα,

91 647 238 733 “Τοῦτο’,
254 652 329 733 ἐφη,
344 645 444 735 ’παρά
460 653 523 715 σοῦ
537 647 701 734 βούλομαι
715 651 843 733 μᾶλλον
856 643 877 733 ἢ
891 649 1101 715 πλακοῦνταῖ

57 771 74 813 ε
160 754 214 818 44.
241 753 325 818 Ρίαί.
348 752 416 820 θέο..
426 758 472 821 26
493 758 649 821 Ποπλίου
675 751 714 820 δὲ
736 758 886 837 Σηστίου
912 751 1102 842 συνήγορον

90 849 154 936 μὲν
182 845 287 915 αὐτὸν
317 853 354 916 ἐν
382 874 450 916 τινι
478 852 553 937 δίκη
582 847 834 936 παραλαβόντος
861 847 938 935 μεθ’
970 851 1103 939 ἑτέρων,

92 944 199 1015 αὐτοῦ
224 946 261 1014 δέ
279 946 387 1014 πάντα
406 947 615 1064 βουλομένου
633 948 742 1031 λέγειν
760 947 814 1013 καὶ
834 947 952 1032 μηδενὶ
971 949 1104 1037 παριέν-

90 1069 150 1122 τος
172 1047 288 1130 εἰπεῖν,
312 1040 358 1122 ώς
380 1046 482 1129 δῆλος
504 1068 548 1128 ην
566 1039 747 1128 ἀφιέμενος
763 1039 830 1111 ὑπὸ
849 1047 917 1112 τών
937 1048 1104 1113 δικαστῶν

93 1138 160 1226 ἤδη
182 1144 241 1225 τῆς
263 1136 381 1225 νίνου
404 1140 605 1225 γενομένης,
630 1141 720 1223 ’Χοῶ
746 1139 916 1225 σήμαιν’,
939 1147 1018 1228 ἔτι,
1047 1145 1103 1236 ’τῷ

47 1255 78 1295 1⁰
93 1239 216 1328 καιρῷ,
240 1235 377 1321 Σήστιε·
401 1237 528 1322 μέλλεις
550 1234 615 1323 γάρ
639 1233 760 1323 αὔριον
784 1235 918 1323 ἰδιώτης
941 1237 1047 1308 εἶναι’

161 1343 214 1410 45.
245 1342 332 1409 Plus.
360 1340 421 1408 Οἰο.
447 1347 491 1408 26
517 1337 672 1407 Πόπλιον
704 1339 743 1408 δὲ
769 1341 934 1410 Κώνσταν
965 1344 1106 1432 νομικὸν

95 1435 182 1506 εἶναι
201 1435 422 1523 βουλόμενον,
446 1433 527 1503 όντα
545 1433 578 1503 δ’
599 1433 715 1522 άμαθή
735 1438 789 1504 καὶ
809 1436 913 1526 άφυῆ,
930 1440 1015 1526 πρός
1030 1468 1107 1510 τινα

95 1539 194 1620 δίκην
213 1532 347 1602 ἐκάλεσε
365 1531 526 1620 μάρτυρα.
562 1535 630 1600 Τοῦ
649 1531 687 1600 δὲ
700 1535 805 1620 μηδὲν
822 1537 947 1605 είδέυαι
960 1538 1106 1626 φάσκου-

95 1657 153 1710 τος
171 1629 298 1716 ’Ἱσωςζ
316 1634 392 1717 ἐφη,
410 1631 533 1708 ’δοκεῖς
549 1629 625 1718 περὶ
643 1634 711 1698 τών
729 1637 878 1717 νομικώυ
897 1637 1107 1722 ἐρωτᾶσθαί

53 1769 83 1812 ιτ
162 1750 215 1815 46.
234 1749 318 1814 Ρίαί.
338 1747 399 1814 oie.
416 1751 461 1814 26
478 1745 652 1813 Μετέλλου
670 1744 709 1813 δὲ
726 1747 884 1827 Νέπωτος
904 1751 941 1816 ἐν
959 1754 1107 1842 διαφορᾷ

96 1867 164 1911 τινι
182 1841 340 1920 πολλάκις
358 1842 514 1926 λέγοντος
532 1844 605 1921 ξΤίς
622 1845 687 1910 σοῦ
705 1842 812 1932 πατήρ
831 1847 921 1912 ἐστιν
928 1849 949 1927 ;'
973 1845 991 1917 δ
1010 1850 1109 1916 Κικέ-

98 1966 169 2030 ρων
187 1938 265 2006 *Σοδ
283 1937 409 2024 ταύτην
426 1936 489 2024 τήν
513 1936 713 2027 άπόκρισιν’,
737 1945 812 2025 ἔφη,
836 1938 868 2025 “ή
887 1941 995 2030 μήτηρ
1016 1953 1109 2031 χαλε-

97 2037 249 2125 πωτέραν
269 2036 444 2121 ἐποίησεν.’
473 2032 602 2104 Ἐδόκει
620 2033 652 2103 δ’
668 2033 851 2116 άκόλαστος
863 2033 885 2122 ή
899 2039 1007 2128 μήτηρ
1022 2039 1109 2109 εἶναι

97 2138 159 2203 τοῦ
182 2134 356 2218 Νέπωτος,
381 2128 483 2211 αὐτὸς
506 2133 546 2200 δέ
565 2157 615 2212 τις
638 2130 867 2219 εὐμετάβολος.

56 2263 85 2304 ιο
166 2241 218 2306 47.
241 2241 326 2306 Ρίιιί.
350 2239 410 2308 oie.
434 2243 479 2308 26
501 2243 573 2304 Καί
592 2260 671 2306 ποτε
693 2237 756 2324 τήν
784 2243 972 2328 δημαρχίαν
995 2238 1109 2308 άπολι-

99 2335 172 2406 πάν
190 2335 289 2424 όίφνω
308 2332 392 2423 πρὸς
405 2333 585 2422 Πομπήϊον
605 2336 796 2415 ἐξέπλευσεν
815 2341 862 2416 είς
880 2342 1024 2422 Συρίαν,
1048 2335 1107 2405 εἶτ’

101 2437 231 2502 ἐκεῖθεν
255 2434 444 2517 ἐπανῆλθεν
468 2429 688 2518 άλογώτερον.
732 2431 849 2512 Θάψας
876 2432 914 2500 δὲ
939 2438 1111 2522 Φίλαγρον

21 2565 30 2578 ·
99 2529 161 2598 τὸν
175 2527 371 2615 καθηγητήν
386 2530 635 2614 ἐπιμελέστερον
650 2528 826 2613 ἐπέστησεν
841 2526 946 2596 αὐτοῦ
959 2533 1005 2620 τῷ
1015 2528 1110 2622 τάφφ

99 2626 228 2714 κόρακα
236 2631 381 2693 λίθινον.
398 2624 467 2693 Καὶ
477 2619 496 2690 ὁ
506 2625 660 2712 Κικέρων
670 2622 809 2709 *Τοῦτ”,
820 2629 895 2710 ἐφη,
905 2625 1111 2714 *σοφώτερον

61 2744 89 2786 ιι
103 2727 273 2810 ἐποίησας·
296 2724 455 2792 πέτεσθαι
476 2719 542 2809 γάρ
565 2739 602 2787 σε
620 2715 788 2806 μᾶλλονή
812 2720 920 2805 λέγειν
940 2722 1113 2802 ἐδίδαξεν.’

168 2834 221 2899 48.
248 2831 333 2898 Plat.
361 2829 422 2897 θέο.
444 2834 489 2896 26
502 2848 547 2894 εν.
568 2821 657 2892 Ἐπεὶ
684 2824 723 2893 δὲ
750 2823 892 2912 Μάρκος
909 2823 1049 2907 ”Amos
1076 2831 1112 2895 ἐν

102 2953 169 2995 τινι
188 2930 263 3014 δίκη
283 2922 579 3012 προοιμιαζόμενος
597 2919 668 2990 εἶπε
685 2926 787 3007 φίλου
806 2918 910 2988 αὑτοῦ
930 2925 1112 3008 δεδεῆσθαι

102 3038 285 3111 παρασχεῖν
304 3024 492 3108 ἐπιμέλειαν
513 3019 569 3086 καὶ
592 3017 769 3103 λογιότητα
790 3017 846 3084 καὶ
866 3023 989 3104 πίστιν,
1012 3015 1110 3086 Ἐἶθ’

104 3118 237 3204 οὕτως’,
256 3124 331 3205 ἔφη,
351 3120 523 3204 “σιδηροι”ις
539 3116 680 3202 γέγονας
697 3112 887 3202 ἄνθρωπος,
906 3111 990 3182 ὥστε
1008 3113 1113 3200 μηδὲν

64 3237 91 3277 ⁸0
105 3219 140 3284 ἐκ
162 3215 332 3284 τοσούτων
358 3243 408 3283 ιιυ
429 3212 574 3304 ᾐτήσατο
598 3209 617 3279 ὁ
641 3216 739 3296 φίλος
762 3212 971 3298 παρασχελυ;’
1050 3263 1052 3270 .

169 3324 222 3388 49.
254 3322 339 3405 Ρίιιί.
368 3320 430 3389 oio.
455 3325 501 3388 27
527 3316 672 3404 Μάρκον
701 3313 868 3384 Ἀκυίνιον
900 3319 1017 3402 έχοντα
1049 3314 1113 3383 δύο

102 3415 276 3506 γαμβροὺς
298 3415 453 3504 φυγάδας
474 3413 687 3502 *Ἄδραστον
712 3411 830 3482 ἐκάλει.

170 3517 222 3582 50.
241 3517 325 3582 Ρίαί.
342 3516 403 3584 oie.
415 3520 462 3582 27
480 3517 626 3581 Λευκίου
644 3509 682 3579 δέ
700 3509 813 3580 Κόττα
828 3505 1002 3596 τιμητικὴν
1020 3511 1113 3595 έχον-
