2504 3950
366 192 441 248 cnr.
463 199 575 250 12-14.
612 199 758 260 ser-ce.
1000 193 1062 260 147

78 356 231 439 peteretur,
250 352 397 437 quodque
411 356 523 438 spreta
536 357 569 418 et
587 357 775 438 contempta
788 355 958 438 voluptate
972 357 1064 439 optu-

78 461 135 508 mus
162 441 294 525 quisque
322 440 518 525 sequeretur.
563 439 707 516 Quorsus
734 442 836 527 igitur
862 446 931 509 tam
958 443 1063 512 multa
1081 459 1117 509 44

78 529 107 592 dc
126 528 309 613 voluptate?
354 527 437 604 Quia
458 550 525 598 nou
547 529 643 594 modo
666 530 862 614 vituperatio
883 531 984 614 nulla
1007 530 1064 596 sed

77 617 159 682 etiam
180 637 307 687 summa
329 617 401 682 laus
425 617 600 683 senectutis
623 621 682 701 est,
709 617 794 700 quod
817 638 856 682 ea
876 619 1062 703 voluptates

58 705 163 769 trullas
185 725 383 791 magnopere
401 704 569 772 desiderat.
606 703 703 770 Caret
720 705 826 790 epulis
846 707 1063 790 extractisque

75 793 176 858 mensis
199 792 475 876 etfrequentibus
496 793 631 877 poculis,
653 797 742 860 earet
760 813 839 878 ergo
857 793 956 861 etiam
974 793 1063 862 vinu·

74 879 158 945 lentie
178 885 213 945 et
234 880 404 952 cruditate.
419 885 453 945 et
478 880 659 948 insomniis.
704 879 768 946 Sed
790 881 819 945 si
841 881 964 965 aliquid
988 881 1063 949 dan·

76 967 136 1032 dnn
156 972 205 1034 est
227 969 401 1052 voluptati,
425 969 579 1053 quoniam
602 969 670 1036 eius
693 967 861 1034 blanditiis
883 991 951 1035 non
966 969 1063 1036 facile

76 1056 244 1124 obsistimus
279 1055 400 1142 (divine
432 1056 518 1122 enim
548 1055 645 1122 Plato
678 1055 821 1122 ‘escam
856 1056 1062 1126 malorum'

49 1144 200 1228 reppellat
222 1145 443 1228 voluptatem,
466 1143 553 1228 quod
574 1165 613 1210 ea
635 1144 786 1209 videlicet
807 1144 957 1212 homines
978 1145 1064 1229 capi·

75 1235 153 1298 antur
172 1236 209 1298 ut
231 1231 369 1318 pisces),
396 1253 592 1319 quamquam
613 1231 824 1297 inmoderatis
847 1233 951 1316 epulis
974 1237 1064 1302 caret

75 1323 214 1404 senectus,
250 1320 386 1386 modicis
421 1323 533 1386 tamen
567 1319 723 1385 conviviis
759 1318 913 1387 delectari
945 1323 1063 1404 potest.

74 1403 100 1471 C.
111 1406 271 1476 Duellium
289 1407 332 1474 ld.
350 1407 382 1492 f.‚
405 1409 461 1492 qui
477 1406 605 1474 Poenos
623 1407 727 1472 classe
745 1406 869 1491 primus
893 1407 1065 1493 devicerat,

74 1495 242 1562 redeuntem
267 1519 286 1561 a
304 1517 383 1561 cena
402 1517 511 1562 senem
528 1515 625 1581 saepe
643 1494 793 1560 videbam
811 1515 905 1579 puer3
927 1494 1064 1560 delecta·

48 1596 65 1638 1⁵
74 1580 153 1648 batur
169 1605 263 1650 cereo
281 1583 386 1650 funali
404 1587 437 1649 et
455 1583 597 1668 tibicine,
619 1604 702 1665 quae
720 1582 784 1648 sibi
801 1583 893 1649 nullo
917 1585 1064 1668 exemplo

73 1671 201 1752 priuatus
234 1674 434 1756 sumpserat3
470 1674 599 1736 tantum
635 1671 784 1736 licentiae
817 1671 917 1736 dabat
949 1672 1064 1757 gloria.

73 1753 123 1822 Sed
143 1761 217 1844 quid
241 1779 304 1861 ego
327 1759 431 1829 alios?
455 1758 570 1829 adme
592 1759 701 1844 ipsum
722 1760 789 1824 iam
811 1763 965 1826 revertar.
996 1758 1064 1824 Pri·
1082 1774 1117 1824 45

73 1866 146 1912 num
175 1848 279 1914 habui
311 1868 437 1933 semper
470 1847 606 1914 sodales.
651 1845 848 1912 Sodalitates
877 1850 985 1912 autem
1012 1869 1064 1912 me

75 1939 227 2015 quaestore
247 1936 444 2005 constitutae
462 1939 539 2000 sunt
557 1935 659 2000 sacris
676 1932 783 1998 Idaeis
796 1932 935 2018 Magnae
948 1931 1064 2000 Matris

47 2023 203 2108 receptis.
241 2022 411 2108 Epulabar
432 2023 534 2109 igitur
559 2044 631 2088 cum
655 2020 821 2089 sodalibus
844 2021 974 2086 omnino
998 2041 1065 2086 mo-

74 2107 136 2192 dice,
156 2112 212 2176 sed
231 2115 304 2176 erat
323 2111 454 2195 quidam
472 2111 582 2176 ferror
601 2109 733 2192 aetatis3
755 2130 820 2192 qua
837 2107 1064 2194 progrediente

74 2197 165 2264 onnia
194 2199 281 2266 fiunt
310 2198 347 2264 in
376 2198 444 2262 dies
476 2199 615 2264 mitiora.
664 2195 778 2280 Neque
807 2195 892 2260 enim
919 2196 1065 2282 ipsorum

74 2286 280 2353 mnriviorum
294 2285 542 2352 delectationem
555 2285 779 2370 voluptatibus
794 2284 939 2368 corporis
959 2285 1065 2371 magis

74 2391 155 2453 quam
176 2379 274 2442 coetu
297 2375 473 2440 amicorum
496 2377 530 2438 et
553 2373 755 2444 sermonibus
773 2371 940 2439 metiebar.
976 2371 1065 2438 Bene

47 2460 146 2526 ²⁵enim
166 2463 309 2530 maiores
331 2461 567 2532 accubitionem
590 2462 756 2546 epularem
778 2460 965 2544 amicorum,
989 2459 1066 2544 quia

73 2546 146 2613 vitae
154 2550 413 2616 coniunctionem
422 2549 797 2633 babereteonvivium
806 2549 1066 2632 nominaverunt,

74 2636 173 2702 melius
202 2659 302 2721 quem
328 2636 458 2722 Graeci,
489 2638 545 2722 qui
571 2637 633 2704 hoc
659 2637 745 2704 idem
772 2640 844 2702 tum
870 2639 1066 2719 compota*

73 2720 215 2810 tionem,
242 2729 313 2792 tum
340 2726 655 2792 concenationem
682 2727 813 2806 vocant,
840 2726 891 2805 ut,
919 2722 1005 2806 quod
1031 2722 1066 2788 in

73 2828 102 2872 eo
118 2832 233 2896 genere
252 2813 421 2880 minimum
440 2817 499 2898 est,
521 2814 554 2877 id
572 2813 711 2880 maxime
728 2810 867 2895 probare
884 2808 1119 2930 uideantur.14

46 2892 132 2982 ³⁰ligo
153 2921 232 2966 vero
255 2904 388 2984 propter
411 2902 568 2976 sermonis
591 2898 838 2966 delectationem
861 2897 1065 2982 tempestivis
1083 2944 1118 2994 46

72 3005 185 3071 quoquc
209 2987 365 3054 conviviis
388 2989 539 3073 delector,
559 3010 619 3054 neo
641 3010 714 3054 cum
737 2985 926 3070 aequalibus
949 2986 1066 3069 solum,

73 3073 118 3153 qui
141 3076 238 3160 pauci
265 3075 438 3142 admodum
464 3080 604 3161 restant,
636 3075 692 3141 sed
722 3096 796 3142 cum
827 3076 937 3157 vestra
966 3072 1066 3140 etiem

72 3164 167 3227 aetate
194 3167 293 3248 atque
319 3164 502 3249 vobiscum,
531 3164 700 3247 habeoque
728 3161 887 3228 senectuti
913 3180 1066 3246 magnam

73 3251 212 3334 nauem,
235 3273 317 3336 quae
339 3251 421 3318 mihi
443 3251 600 3321 sermonis
624 3250 814 3316 aviditatem
837 3247 940 3333 auxit,
962 3247 1067 3333 potio-

44 3334 114 3401 ³⁵nis
131 3342 164 3404 et
181 3339 247 3404 cibi
265 3340 408 3406 sustulit.
444 3337 565 3416 Quodsi
583 3360 679 3424 quem
702 3337 801 3402 etiam
821 3335 887 3402 ista
905 3335 1067 3404 delectent

74 3419 119 3504 (ne
131 3427 261 3492 omnino
280 3427 403 3494 bellum
419 3427 573 3494 indixisse
591 3427 702 3492 videar
719 3424 891 3509 voluptati,
909 3424 998 3490 emus
1017 3425 1068 3488 est

72 3507 203 3582 fortene
225 3516 354 3600 quidam
377 3515 537 3584 naturalis
556 3513 694 3600 modus),
716 3535 782 3580 non
799 3513 956 3598 intellego
973 3533 1014 3578 ne
1032 3510 1067 3573 in

856 3613 908 3668 10*
