2504 3950
153 184 197 250 64
546 175 597 232 oa
617 173 767 231 cruens

153 342 308 411 tenendas
327 360 426 425 quam
448 336 542 423 diligi
563 357 623 402 neo
646 336 783 401 alienius
802 357 900 419 quam
918 333 1037 400 timeri.
1069 333 1167 400 Prae

154 433 242 498 clare
264 428 351 494 enim
373 425 513 494 Ennius:

198 517 315 594 Quem
337 517 526 598 metuunt,
549 512 726 594 oderunt3
750 532 861 594 quem
881 510 1044 594 quisque
1069 508 1167 594 odit,

680 599 847 683 periisse
870 598 1031 683 expetit

154 693 334 760 Multorum
357 693 467 756 autem
488 687 571 754 odiis
593 686 702 753 nullas
726 707 803 771 opes
825 706 922 770 posse
945 685 1115 771 obsistere,
1139 685 1168 750 si

156 785 252 847 antea
278 779 342 846 fuit
367 779 531 864 ignotum,
562 796 665 860 nuper
692 778 743 840 est
770 773 946 860 cognitum.
989 771 1060 838 Nec
1088 795 1167 839 vero
1194 790 1206 830 ⁵

155 870 251 937 huius
266 866 398 952 tyranni
411 865 527 942 solum,
545 883 642 947 quem
655 861 755 928 armis
769 882 926 948 oppressa
938 861 1078 946 pertulit
1092 861 1167 926 civi-

156 961 207 1022 tas
232 979 270 1022 ac
292 956 386 1039 paret
408 973 481 1018 cum
504 972 654 1017 maxume
676 953 816 1032 mortuo,
837 949 988 1015 interitus
1012 949 1168 1033 declarat,

156 1046 315 1128 quantum
338 1039 448 1106 odium
470 1038 638 1104 hominum
661 1038 771 1103 valeat
794 1037 835 1102 ed
856 1040 991 1122 pestem,
1015 1037 1072 1102 sed
1094 1038 1167 1102 reli·

157 1152 295 1216 quorum
318 1128 441 1194 similes
465 1126 569 1192 exitus
593 1129 815 1210 tyrannorum,
838 1146 977 1210 quorum
994 1125 1083 1190 haud
1100 1124 1168 1190 fere

158 1219 331 1304 quisquam
361 1216 463 1283 talem
494 1213 664 1280 interitum
697 1213 824 1299 effugit3
860 1213 966 1278 malus
999 1212 1086 1278 enim
1119 1217 1169 1277 est
1183 1230 1208 1268 ιο

157 1310 268 1372 custos
292 1303 516 1370 diuturnitatis
535 1306 641 1368 metus
660 1305 836 1385 contraque
853 1300 1077 1366 benivolentia
1094 1301 1169 1365 fide·

105 1410 140 1460 ar
158 1395 200 1460 lis
223 1395 276 1460 vel
304 1393 345 1459 ad
371 1391 633 1478 perpetuitatem.
678 1387 741 1454 Sed
767 1389 822 1473 iis,
851 1389 907 1473 qui
933 1389 968 1454 vi
994 1409 1169 1474 oppressos

158 1482 295 1567 imperio
319 1483 477 1562 oc'e’rcent,
499 1479 543 1543 sit
566 1499 644 1542 sene
666 1476 849 1542 adhibenda
871 1476 1022 1561 saevitia,
1044 1480 1083 1540 ut
1106 1477 1169 1541 eris

158 1572 194 1635 in
215 1569 366 1650 famulos,
389 1567 418 1631 si
441 1566 536 1630 aliter
559 1565 664 1630 teneri
685 1586 752 1630 non
773 1568 926 1649 possunt3
955 1564 1011 1648 qui
1032 1585 1112 1630 vero
1135 1564 1170 1628 in

159 1658 264 1723 libera
286 1655 419 1720 civitate
438 1654 485 1718 ita
503 1673 539 1716 se
556 1652 732 1736 instruunt,
754 1655 791 1718 ut
809 1655 1004 1736 metuantur,
1026 1651 1068 1716 iis
1086 1652 1169 1716 nihil
1185 1669 1209 1710 1⁵

159 1747 269 1829 potest
292 1763 362 1806 esse
385 1740 575 1806 dementius.
620 1738 775 1814 Quamvis
803 1740 889 1804 enim
915 1740 981 1804 sint
1003 1739 1170 1805 demersae

159 1833 250 1918 leges
265 1829 399 1896 alicuius
420 1828 545 1914 opibus,
564 1827 711 1912 quamvis
725 1827 893 1894 timefacta
905 1828 1051 1912 libertas,
1070 1849 1170 1894 emer·
1246 1847 1247 1894 1

160 1924 243 2007 gunt
270 1922 381 1984 tamen
407 1917 487 1982 haec
517 1915 691 2000 aliquando
724 1919 780 1982 aut
811 1915 937 1981 iudiciis
969 1916 1080 1982 tacitis
1113 1921 1171 1982 aut

160 2007 296 2075 occultis
318 2007 358 2071 de
380 2005 503 2070 honore
527 2004 700 2089 suffragiis.
735 2003 887 2070 Acriores
909 2007 1018 2069 autom
1040 2025 1170 2070 morsus

160 2100 237 2162 sunt
259 2093 464 2159 intermissae
487 2091 651 2157 libertatis
674 2113 773 2177 quam
794 2095 950 2157 retentae.
995 2089 1090 2166 Quod
1111 2093 1172 2180 igi·
1186 2111 1212 2150 20

159 2186 214 2247 tur
241 2181 410 2246 latissume
437 2182 529 2264 patet
555 2200 659 2263 neque
692 2180 734 2244 ad
764 2179 1024 2246 incolumitatem
1055 2181 1172 2264 solum,

161 2268 338 2334 sedetiam
362 2267 403 2331 ad
430 2288 508 2351 opes
536 2271 569 2332 et
595 2268 777 2352 potentiam
804 2268 892 2334 valet
919 2268 1111 2354 plurimum,
1138 2267 1173 2333 id

161 2357 407 2458 amplectamur,
428 2358 465 2419 ut
488 2358 595 2420 metus
618 2354 719 2440 absit,
730 2356 862 2457 ⁸caritas
883 2356 1089 2457 retineatur·
1118 2356 1173 2422 Ita

160 2443 1173 2617 {ttltultttltt“etimtrittetet,'3
1187 2549 1212 2590 2⁵

161 2619 278 2702 quibus
306 2621 504 2702 metuentur,
532 2618 660 2684 eosdem
688 2623 836 2685 metuant
862 2619 927 2704 ipsi
953 2640 1084 2685 necesse
1113 2624 1173 2686 est.

110 2722 142 2771 ro
161 2707 246 2784 Quid
268 2707 355 2775 enim
377 2727 544 2772 censemus
563 2707 763 2791 superiorem
781 2707 876 2772 illum
893 2705 1088 2792 Dionysium
1108 2729 1173 2792 quo

161 2796 306 2861 cruciatu
324 2795 453 2862 timoris
472 2794 550 2880 angi
567 2795 709 2878 solitum,
728 2795 785 2879 qui
802 2795 924 2860 cultros
939 2799 1088 2860 metuens
1101 2801 1174 2862 ton·

162 2884 266 2948 sorios
289 2883 445 2950 candente
468 2882 607 2947 carbone
631 2882 695 2947 sibi
717 2883 874 2948 adurebat
892 2883 1069 2968 capillum?
1095 2885 1173 2968 quid

161 2969 382 3036 Alexandrum
399 2969 580 3036 Pheraeum
603 2991 666 3053 quo
685 2970 794 3035 animo
811 2970 931 3036 vixisse
950 2971 1174 3038 arbitramur?
1188 2989 1213 3029 ³0

162 3058 227 3210 gui,
251 3058 469 3210 Ἠοτὶρῖωῗ
490 3057 641 3210 legimshs'
664 3079 737 3124 oum
759 3079 893 3211 uxorerplr
911 3057 1175 3213 Thebeh'adlmo·

162 3169 294 3298 then
317 3166 567 3317 tritici-ulit
593 3167 908 3318 „altstete
930 3167 1090 3319 tertiat
1115 3169 1174 3318 u

162 3323 380 3403 conpunctum
400 3320 489 3387 notis
512 3319 692 3404 Thraeciis,
719 3321 874 3387 destricto
903 3322 1013 3408 gladio
1036 3321 1175 3389 iubebat

162 3406 285 3471 anteire
298 3407 593 3491 praemittebatque
611 3408 651 3472 de
670 3409 884 3493 stipatoribus
907 3409 984 3493 suis,
1009 3409 1066 3493 qui
1085 3431 1173 3478 scru-
1188 3427 1215 3469 ³⁵

161 3497 310 3560 tarentur
333 3495 459 3560 arculas
483 3495 657 3562 muliebres
680 3500 723 3580 et,
744 3518 785 3562 ne
808 3496 895 3580 quod
908 3497 947 3578 in
964 3497 1172 3564 vestimentis
