2512 3932
148 173 192 238 34
541 157 590 223 DE
609 167 761 224 euricus

149 355 188 400 ex
207 355 244 400 eo
264 334 388 417 decoro,
407 333 493 417 quod
511 335 627 417 po'e‘tee
646 333 839 416 sequuntur3
863 329 984 414 dequo
1004 329 1069 394 alio
1089 329 1164 395 loco

148 423 244 508 plura
266 421 329 487 dici
348 421 462 486 solent.
495 417 557 485 Sed
574 424 646 485 tum
669 439 798 484 servare
819 416 902 484 illud
923 420 1052 503 poetas,
1075 418 1166 502 quod
1245 445 1246 510 3

150 509 271 594 deceat,
293 509 437 592 dicimusi,
461 530 533 574 cum
551 508 593 592 id,
617 507 703 592 quod
721 527 848 591 quaque
865 526 1005 592 persona
1024 506 1165 592 dignum
1245 511 1246 552 3

150 601 210 683 est,
232 602 266 664 et
287 597 326 662 fit
349 601 382 662 99
404 596 534 680 dicitur,
557 601 603 680 ut,
626 596 654 660 si
668 595 795 661 Aeacus
817 598 875 660 aut
892 593 1000 660 Minos
1024 593 1164 660 diceret:

240 670 414 769 Oderint,
437 685 521 751 dum
545 687 737 768 metuant,
1192 701 1204 742 s

152 779 222 840 eut:

374 858 479 926 natis
503 860 707 944 sepulchro
730 860 813 945 ipse
837 861 896 924 e‘st
918 881 1075 945 parens,

151 951 338 1016 indecorum
354 949 526 1032 videretur,
545 948 631 1032 quod
650 969 705 1013 eos
722 948 824 1012 fuisse
841 947 946 1014 iustos
965 947 1166 1033 accepimus3

153 1042 188 1104 at
210 1036 312 1104 Atreo
336 1037 462 1103 dicente
484 1037 618 1122 plausus
646 1036 841 1120 excitantur3
870 1039 920 1101 est
948 1036 1034 1100 enim
1063 1034 1167 1122 digna
1245 1065 1246 1102 ;

151 1146 291 1212 persona
314 1125 429 1192 oratio.
466 1123 529 1191 Sed
550 1127 676 1211 poetae,
699 1123 777 1208 quid
794 1145 954 1209 quemque
978 1123 1102 1208 deceat,
1125 1145 1165 1188 ex
1179 1141 1206 1183 ra
1245 1125 1246 1190 ]

152 1235 292 1300 persona
318 1213 521 1296 iudicabunt,
545 1212 640 1279 nobis
668 1217 777 1278 autem
806 1233 979 1298 personam
1006 1212 1167 1314 imposuit
1245 1223 1246 1294 l

153 1303 226 1389 ipsa
256 1307 374 1370 natura
406 1323 526 1389 magna
561 1323 634 1369 cum
671 1301 862 1367 excellentia
897 1304 1166 1386 praestantiaque
1245 1301 1246 1380 Ῑ

102 1406 135 1457 98
154 1391 369 1458 animantium
395 1392 602 1476 reliquarum.
648 1387 805 1465 Quocirca
833 1393 950 1475 podtae
976 1389 1010 1452 in
1043 1409 1167 1476 magna
1245 1443 1246 1446 ,

154 1480 313 1547 varietate
339 1501 565 1565 personarum,
597 1478 697 1544 etiam
723 1477 851 1543 vitiosis
884 1477 961 1561 quid
991 1479 1167 1542 conveniet
1245 1473 1246 1540 l

155 1573 189 1634 99
211 1569 288 1653 quid
310 1567 435 1650 deceat,
461 1566 629 1648 videbunt,
655 1565 751 1631 nobis
774 1570 883 1631 autem
906 1587 980 1631 cum
1003 1587 1024 1630 a
1045 1570 1167 1630 natura
1182 1583 1207 1624 1⁵
1245 1649 1246 1654 ἵ

155 1656 372 1738 constantiae,
399 1654 643 1737 moderationis,
672 1655 921 1739 temperantiae,
953 1654 1167 1720 verecundiae
1245 1661 1246 1718 l

155 1747 266 1829 partes
289 1743 383 1808 datae
407 1743 486 1827 sint,
514 1763 650 1827 cumque
678 1741 789 1807 eadem
816 1745 936 1808 natura
962 1742 1079 1808 doceat
1100 1763 1168 1808 non
1245 1743 1246 1812 f

155 1833 337 1918 neglegere,
360 1853 455 1916 quem
479 1831 520 1897 ad
542 1831 674 1897 modum
692 1851 753 1897 noe
771 1830 926 1896 adversus
944 1831 1094 1896 homines
1114 1852 1168 1917 ge

155 1942 275 2005 ramus,
298 1919 445 2004 efficitur,
467 1925 505 1985 ut
527 1923 561 1985 et
583 1919 674 2004 illud,
697 1918 784 2004 quod
806 1918 847 1984 ad
866 1937 995 1984 omnem
1013 1918 1167 1984 honesta·
1245 1924 1246 1966 ³

155 2014 223 2076 tem
245 2009 395 2095 pertinet,
419 2009 569 2074 decorum
592 2029 690 2092 quam
713 2009 780 2072 late
802 2006 912 2072 fusum
930 2007 983 2092 sit,
1006 2011 1169 2093 appareat
1182 2024 1209 2064 2⁰
1245 2009 1246 2076 ξ

156 2101 189 2162 99
212 2097 283 2180 hoc,
304 2096 392 2181 quod
414 2099 580 2180 spectatur
601 2096 636 2160 in
658 2116 723 2161 uno
742 2116 869 2180 quoque
887 2115 1005 2182 genere
1022 2095 1168 2160 virtutis.

156 2183 204 2252 Ut
222 2184 307 2249 enim
325 2183 532 2268 pulchritudo
551 2183 696 2268 corporis
714 2187 794 2268 apta
811 2183 1048 2269 compositione
1066 2205 1169 2249 mem·
1245 2194 1246 2239 1

156 2274 290 2338 brorum
312 2275 421 2336 movet
444 2271 555 2337 oculos
578 2274 611 2336 et
634 2271 774 2337 delectet
790 2271 852 2337 boc
870 2272 953 2356 ipso,
976 2270 1063 2356 quod
1080 2273 1170 2336 inter

158 2382 193 2427 se
216 2381 327 2426 omnes
350 2362 556 2443 partescum
580 2359 720 2444 quodam
743 2359 854 2444 lepore
876 2360 1098 2445 consentiunt,
1121 2361 1168 2427 sie
1245 2363 1246 2444 ῗ

158 2449 219 2515 hoc
233 2449 393 2532 decorum,
411 2447 497 2532 quod
513 2448 618 2513 elucet
631 2447 665 2513 in
678 2447 756 2531 vita,
775 2451 885 2513 movet
898 2447 1170 2533 adprobationem
1184 2463 1211 2505 2⁵
1245 2475 1246 2502 2

159 2557 279 2620 eorum,
294 2535 484 2621 quibuscum
498 2535 627 2620 vivitur,
643 2535 754 2602 ordine
768 2539 802 2601 et
815 2537 1000 2603 constantia
1013 2541 1048 2602 et
1060 2537 1170 2602 mode·
1245 2541 1246 2602 3

109 2640 139 2691 99
159 2625 285 2692 ratione
308 2625 468 2690 dictorum
486 2625 631 2691 omnium
649 2627 747 2708 atque
765 2624 935 2690 factorum.
972 2624 1170 2690 Adhibenda
1245 2655 1246 2658 ¹

159 2719 211 2782 est
236 2713 348 2816 igitur·
369 2713 527 2798 quaedam
560 2712 741 2815 reverentia
769 2712 925 2778 adversus
956 2712 1105 2779 homines
1135 2717 1171 2814 et

159 2797 1170 2976 ll?,illulellel}llltlludlldtldll,ld
1184 2905 1211 2946 ω

160 2979 260 3045 etiam
282 2979 414 3044 omnino
437 2977 595 3045 dissoluti.
639 2975 703 3043 Est
725 2979 847 3058 autem,
874 2977 962 3062 quod
982 2977 1112 3042 differat
1134 2978 1170 3042 in

160 3067 328 3134 hominum
350 3067 477 3132 ratione
499 3065 649 3132 habenda
670 3065 756 3130 inter
777 3065 940 3131 iustitiam
962 3068 996 3131 et
1018 3085 1170 3132 verecun-

161 3157 257 3222 diam.
287 3156 437 3221 Iustitiae
455 3158 566 3240 partes
584 3157 661 3220 sunt
678 3175 744 3219 non
761 3153 885 3220 violare
903 3153 1061 3240 homines,
1081 3174 1170 3219 vere·

161 3243 295 3310 candiae
316 3265 384 3309 non
405 3243 579 3327 offendere3
601 3243 636 3308 in
653 3263 719 3327 quo
737 3262 887 3308 maxume
905 3243 955 3308 vis
974 3241 1171 3328 perspicitur

162 3331 278 3396 decori.
313 3329 375 3396 His
398 3331 500 3419 igitur
522 3331 688 3418 expositis,
710 3331 807 3416 quale
826 3331 870 3396 sit
886 3329 930 3416 id,
953 3330 1039 3415 quod
1058 3329 1213 3396 doceres

163 3419 308 3501 dicimus,
331 3419 533 3485 intellectum
556 3424 645 3504 puto.

113 3523 162 3574 100
229 3505 379 3573 Officium
402 3511 519 3591 autem,
541 3507 627 3591 quod
650 3508 692 3573 ab
711 3527 749 3574 eo
768 3506 903 3590 ducitur,
926 3506 1011 3572 banc
1028 3506 1171 3592 primum
