2542 3950
171 180 237 248 378
564 180 791 238 sueonum

171 341 219 407 At
240 345 335 430 parte
357 365 397 410 ex
418 343 485 410 alin
507 345 604 411 elaris
627 365 700 410 oum
723 344 849 410 lucibus
873 348 950 410 snat

171 430 273 497 Orion
295 431 417 499 umeris
440 436 473 498 et
495 432 565 498 lato
587 437 719 519 pectore
741 431 872 518 fulgens

171 518 216 584 nt
239 519 355 586 dextra
376 520 519 586 retinens
540 542 608 587 non
630 542 757 588 cessum
779 520 912 586 luminis
935 541 1059 588 ensem.
1137 537 1189 588 616

97 615 163 674 370
216 604 279 672 Sed
301 629 374 674 oum
396 609 436 674 de
458 609 556 674 torris
579 609 629 674 vis
652 613 703 674 est
724 608 891 694 patefacta
911 607 1072 694 Leonis,

172 695 304 780 Omnia,
326 719 409 781 qnae
431 695 554 763 Oenoor
576 699 744 782 praeclaro
767 697 885 763 detulit
907 701 997 781 ortu,

171 782 299 850 Cedunt
321 785 508 869 obscurata,
531 787 629 850 simul
651 786 701 851 ris
724 806 845 875 magna
866 785 1002 870 Aquilai

172 871 311 937 Pellitur
334 895 371 938 ae
392 872 476 938 flexo
499 873 669 938 oonsidens
693 895 828 960 corpore
850 872 954 939 Nixus

124 975 134 986 ‘
171 957 242 1028 Iam
266 979 382 1044 supero
405 958 507 1026 ferme
531 960 684 1046 depulsus
707 962 829 1028 lumine
851 961 950 1045 oedit;
1134 979 1187 1028 eso

97 1054 161 1114 3⁷5
172 1045 236 1113 Sed
258 1047 387 1113 laevum
410 1068 512 1134 genus
535 1053 633 1134 atque
655 1049 828 1115 inlustrem
850 1049 971 1134 linquit
992 1049 1029 1116 in
1052 1051 1123 1117 alto

170 1136 332 1203 Plantam
369 1136 453 1202 Tum
479 1141 594 1203 eontra
615 1139 760 1203 exoritur
783 1139 906 1204 olerum
929 1143 1030 1223 eaput
1051 1138 1186 1225 Hydrae
1253 1163 1254 1222 1

171 1224 217 1289 Et
239 1223 284 1289 Le
307 1245 345 1290 us
368 1228 402 1290 et
424 1224 585 1311 Procyon,
608 1225 664 1311 qui
686 1245 758 1290 sese
780 1226 921 1292 fervidus
944 1225 1047 1292 infert
1253 1227 1254 1278 l

171 1311 259 1377 unu
283 1248 417 1398 basem
440 1313 514 1380 use
536 1312 636 1380 cans
659 1314 800 1400 vongo
821 1315 928 1398 prims
950 1314 1111 1382 nouem.

215 1398 292 1466 Non
312 1423 416 1486 panea
439 1423 457 1466 e
479 1402 569 1468 eaelo
593 1402 757 1487 depellens
780 1403 875 1487 signa
896 1406 1031 1487 repento
1132 1419 1184 1471 626

98 1494 163 1554 380
172 1487 329 1555 Exoritur
350 1489 494 1575 pandens
516 1491 669 1555 inlustria
690 1491 815 1556 luminu
836 1488 968 1577 Virgo.

172 1576 266 1644 Cedit
288 1578 378 1642 olura
399 1576 495 1642 Fides
518 1576 679 1662 Cyllenio,
702 1579 861 1664 mergitur
883 1578 969 1643 unda

171 1663 369 1749 Delphinus,
392 1665 490 1730 simul
512 1665 681 1751 obtegitur
703 1666 838 1752 depulsa
860 1663 1004 1753 Sagitta,

170 1751 281 1836 Atque
302 1751 384 1817 Aris
407 1752 449 1818 ad
471 1774 631 1818 summam
653 1755 789 1820 oeudsm
811 1755 998 1839 primasqus
1021 1755 1145 1822 recedit

170 1839 301 1925 Pinnas,
324 1843 358 1906 et
379 1861 518 1929 magnus
541 1842 664 1928 puriter
687 1843 848 1909 delabitur
870 1842 996 1908 Amnis.
1130 1861 1184 1912 630

97 1928 233 1995 385Hio
255 1925 368 2015 llquus
392 1952 412 1995 6
434 1930 539 2016 oapite
562 1934 596 1996 et
618 1931 719 2017 longa
740 1931 864 1997 eerrioe
885 1930 1029 2015 latesoit3

170 2015 315 2103 Longius
339 2018 482 2084 exoritur
504 2018 570 2084 iam
594 2019 682 2085 olaro
705 2039 840 2104 corpore
862 2037 996 2104 serpens

171 2103 369 2188 Orateraque
392 2109 487 2170 tenus
510 2107 597 2172 lueet
619 2107 815 2173 mortalibus
838 2105 959 2191 Hydra.

170 2189 250 2256 Inde
271 2192 369 2276 pedes
393 2190 491 2256 Oanis
515 2194 658 2259 ostendit
680 2195 747 2260 iem
768 2195 966 2279 posteriores

170 2277 215 2343 Et
237 2283 314 2364 post
335 2279 405 2365 ipse
427 2279 531 2344 trahit
553 2281 641 2346 olaro
664 2305 738 2348 omn
760 2283 882 2348 lumine
905 2283 1055 2369 puppim3
1129 2299 1181 2350 666

97 2372 161 2432 390
171 2365 356 2451 Insequitur
378 2368 492 2433 labens
514 2389 574 2454 per
596 2371 678 2435 oaeli
700 2371 825 2436 lumina
846 2370 962 2455 Neris,

170 2454 216 2519 Et
238 2477 311 2521 oum
333 2455 399 2521 iam
421 2459 493 2522 toto
514 2459 676 2543 prooessit
698 2481 832 2544 eorpore
854 2458 976 2545 Virgo,

169 2542 260 2608 Haeo
282 2543 423 2609 medium
445 2545 589 2610 ostendit
610 2546 737 2612 radiato
761 2547 874 2632 stipite
896 2547 1028 2613 molum.

214 2631 261 2716 At
283 2653 356 2697 oum
379 2633 556 2716 procedunt
579 2634 716 2700 obscuro
739 2655 875 2719 corpore
896 2633 1051 2716 Chelae,

169 2717 299 2785 Existet
321 2721 445 2805 pariter
466 2720 561 2807 larga
584 2743 657 2787 eum
679 2723 750 2788 luoe
772 2721 908 2805 Bootes,
1126 2737 1177 2788 640

98 2813 160 2873 395
173 2805 270 2873 Cuius
292 2808 328 2873 in
350 2808 522 2874 adversum
544 2813 595 2874 est
617 2809 776 2876 Arcturus
800 2830 934 2895 corpore
956 2809 1054 2894 fixus,

169 2893 316 2980 Totoque
338 2895 404 2960 iam
428 2917 545 2982 supero
566 2897 696 2984 fulgens
719 2898 903 2982 prolabitur
926 2896 1031 2985 Arg03

169 2982 345 3068 Hydraque
368 2984 454 3068 quod
477 2986 544 3050 late
567 2986 656 3051 eaelo
680 2984 825 3070 dispersa
847 2989 990 3069 tenetur,

169 3069 322 3136 Nondum
344 3075 417 3138 tota
438 3076 543 3157 pstot3
565 3094 641 3138 nem
664 3074 800 3140 caudam
822 3073 969 3158 contegit
990 3073 1115 3139 umbra

103 3227 108 3234 ,
169 3157 380 3242 Ameitenens
401 3165 505 3226 anton
525 3166 672 3228 renovato
694 3162 758 3227 1606
778 3161 914 3245 refulpot.
1125 3175 1175 3226 646

169 3245 241 3310 lom
263 3247 411 3314 dextrum
435 3269 537 3335 genus
561 3253 594 3314 61
616 3250 802 3316 decoratum
824 3249 948 3314 lumine
970 3270 1081 3314 suram

94 3337 160 3397 400
169 3331 279 3418 Erigit
301 3334 358 3398 ille
380 3357 499 3401 vaosns
522 3337 658 3422 vulgato
680 3337 811 3402 nomine
833 3335 951 3420 Nixus,

171 3419 233 3498 Qui
253 3417 346 3484 Fidis
367 3422 538 3488 Arcadicos
558 3443 675 3506 smper
696 3425 831 3505 60611666
853 3426 968 3507 inrepit·

169 3503 271 3579 Quem
293 3509 389 3570 noete
412 3509 590 3573 extinctum
613 3513 711 3594 etque
734 3513 883 3576 exortum
905 3510 1045 3576 vidimus
1067 3531 1146 3594 una,
