2504 3950
145 167 189 231 90
537 159 756 216 eroaricus

146 327 234 392 solus
262 328 357 391 esset.
401 321 575 408 Magnifica
600 343 678 386 vero
704 342 769 387 vox
800 325 833 386 et
864 341 984 407 magno
1010 320 1083 385 viro
1118 341 1159 385 ac

145 415 291 499 sapiente
313 412 426 497 digna3
456 432 538 495 quae
561 409 705 476 declarat
726 409 821 474 illum
844 413 877 474 et
899 409 934 474 in
956 408 1024 474 otio
1043 407 1083 474 de
1102 429 1158 472 ne

145 501 245 588 gotiis
272 500 418 586 cogitare
445 503 478 564 et
505 498 540 564 in
568 497 741 562 solitudine
765 515 874 562 secum
896 496 987 580 loqui
1009 495 1159 578 solitum,

144 594 181 655 ut
199 609 303 673 neque
321 590 463 653 cessaret
480 607 634 670 umquam
652 589 686 650 et
703 584 866 650 interdum
883 583 1056 668 conloquio
1075 583 1159 649 alte-

144 678 212 744 rius
238 697 305 742 non
332 678 452 761 egeret.
495 673 548 738 Ita
571 674 651 737 duae
678 693 744 757 res,
771 693 854 756 quae
880 673 1074 756 languorem
1102 671 1159 736 ad-
1187 687 1200 728 ⁵

143 765 254 830 ferunt
271 763 397 846 ceteris,
419 762 513 826 illum
531 761 700 844 acuebant,
723 760 827 826 otium
845 763 879 823 et
897 758 1050 824 solitudo.
1078 756 1159 823 Vel·

145 853 211 917 lem
232 851 327 917 nobis
350 851 413 914 hoc
435 848 520 913 idem
541 869 617 914 vere
640 848 744 914 dicere
767 847 893 930 liceret3
916 846 972 911 sed
995 847 1024 911 si
1047 845 1158 911 minue

144 939 327 1006 imitatione
340 941 468 1003 tantam
482 937 605 1022 ingenii
617 935 853 1020 praestantiam
871 934 1024 1020 consequi
1041 955 1158 1026 possu-

145 1044 227 1104 mus,
249 1025 418 1091 voluntate
441 1025 527 1089 certe
549 1023 695 1109 proxime
718 1023 912 1106 accedimus3
933 1025 1063 1088 namet
1081 1041 1102 1086 a
1120 1042 1157 1086 re

144 1113 276 1199 publica
297 1112 544 1196 forensibusque
562 1111 703 1197 negotiis
721 1111 821 1176 armis
839 1109 948 1194 impiis
965 1110 1063 1194 vique
1080 1131 1157 1194 pro
1172 1128 1198 1166 ιο

145 1201 243 1266 bibiti
266 1201 369 1266 otium
391 1199 615 1286 persequimur
638 1203 672 1264 et
694 1199 736 1264 cb
760 1219 832 1263 eam
855 1219 986 1263 causam
1008 1198 1089 1262 urbe
1108 1219 1158 1262 re-

111 1290 225 1359 2'lieta
247 1311 324 1355 rura
346 1291 558 1375 peragrantes
583 1308 678 1372 saepe
696 1285 760 1351 soli
777 1307 898 1352 sumus.
934 1283 997 1350 Sed
1014 1307 1075 1352 uae
1092 1285 1157 1350 hoe

146 1378 250 1444 otium
276 1399 349 1443 cum
372 1375 518 1442 Africani
546 1376 613 1440 otio
640 1395 699 1440 nec
726 1374 805 1440 haec
833 1374 976 1440 solitudo
999 1395 1073 1440 eum
1096 1374 1158 1438 illa

145 1465 363 1550 comparanda
381 1468 439 1529 est.
475 1459 537 1528 Ille
558 1463 644 1528 enim
665 1463 869 1546 requiescens
892 1485 913 1528 a
934 1461 982 1527 rei
1004 1461 1157 1546 publicae

144 1553 371 1639 pulcherrimis
393 1551 580 1616 muneribus
603 1550 707 1615 otium
730 1551 794 1618 sibi
811 1551 961 1616 sumebat
979 1549 1198 1634 aliquand01⁵

144 1647 179 1706 et
202 1663 220 1705 e
242 1643 337 1705 coetu
354 1639 522 1704 bominum
540 1637 786 1724 frequentiaque
804 1638 968 1704 interdum
984 1641 1157 1722 tamquam

144 1729 180 1792 in
193 1731 325 1814 portum
344 1748 378 1792 ee
395 1727 431 1791 in
448 1725 657 1792 solitudinem
675 1726 861 1812 recipiebat,
878 1730 1029 1792 nostrum
1045 1730 1156 1792 autem

146 1815 250 1881 otium
271 1814 396 1900 negotii
417 1813 541 1900 iuopia,
567 1836 634 1882 non
660 1813 881 1900 requiescendi
904 1807 1013 1881 studio
1035 1814 1155 1880 eonsti-

145 1907 254 1970 tutum
280 1907 340 1968 eat.
384 1901 539 1970 Extincto
567 1903 653 1968 euim
679 1904 796 1968 senatu
822 1901 1001 1987 deletisque
1028 1903 1156 1968 iudiciis

146 1992 224 2078 quid
246 1995 297 2057 est
321 1991 407 2076 quod
429 1991 563 2077 dignum
584 1991 680 2056 nobie
703 1991 813 2056 autin
833 1991 924 2056 curia
946 1994 1003 2056 aut
1025 1991 1061 2055 in
1081 1990 1156 2056 foro
1171 2007 1199 2048 2⁰

111 2079 449 2232 3ι
473 2077 1038 2249 ιιιιιιιιιιιιιιι
1053 2082 1156 2232 ιιι

146 2257 354 2338 conspectum
371 2252 612 2337 sceleratorum,
631 2254 748 2338 quibus
766 2217 876 2321 omnia
890 2187 1082 2339 seomidi,
1100 2256 1157 2322 ab·

145 2341 251 2407 dimus
274 2361 348 2424 nos,
372 2343 529 2425 quantum
552 2341 642 2426 licet,
665 2346 698 2407 et
720 2363 817 2428 saepe
839 2343 903 2408 soli
925 2364 1046 2409 sumus.
1092 2341 1157 2409 Sed

147 2429 224 2514 quia
246 2427 293 2494 sie
315 2429 357 2493 ab
384 2427 570 2494 hominibus
598 2426 702 2496 doctis
730 2431 925 2516 accepimus,
953 2452 1020 2497 non
1045 2432 1156 2498 solum
1170 2448 1198 2490 ²⁵

146 2537 186 2582 ex
211 2515 308 2582 malie
335 2515 456 2601 eligere
483 2515 618 2584 minima
644 2522 808 2603 oportere,
838 2518 896 2586 sed
924 2519 1022 2584 etiam
1049 2539 1156 2586 excer-

146 2623 223 2690 pere
245 2625 285 2669 ex
306 2603 359 2670 his
380 2604 475 2689 ipsis,
502 2604 531 2670 si
558 2605 636 2690 quid
658 2606 779 2672 inesset
805 2605 895 2684 boni,
924 2610 1100 2692 propterea
1121 2612 1156 2672 et

147 2693 215 2758 otio
233 2691 334 2777 fruor,
355 2711 422 2758 non
439 2691 498 2758 illo
517 2693 657 2777 quidem,
679 2715 742 2777 quo
761 2693 901 2759 debebat
917 2695 956 2780 ia,
979 2693 1036 2778 qui
1053 2713 1155 2780 quon·

147 2781 223 2848 dam
249 2780 429 2868 peperisset
457 2779 561 2846 otium
587 2779 726 2865 civitati,
756 2800 815 2848 neo
845 2803 916 2847 eam
943 2781 1156 2850 solitudinem
1249 2779 1250 2846 ἶ

147 2868 302 2953 languere
348 2869 442 2952 atior,
465 2888 563 2954 quam
586 2866 668 2934 mihi
685 2863 791 2936 adfert
808 2869 995 2954 necessitas,
1014 2891 1083 2938 non
1100 2891 1157 2936 vo·
1170 2887 1197 2929 ω

111 2956 265 3021 eluntas.
340 2978 515 3039 uamquam
541 2955 715 3022 Africanus
742 2957 898 3023 maiorem
924 2958 1054 3025 laudem
1081 2977 1156 3028 meo

146 3044 265 3110 iudicio
289 3044 530 3127 assequebatur.
566 3041 669 3109 Nulla
691 3044 777 3110 enim
799 3045 868 3110 eius
896 3045 1019 3131 ingenii
1042 3067 1156 3112 monu-

147 3136 258 3197 menta
275 3131 430 3197 mandata
447 3131 577 3216 litteris,
598 3132 726 3196 nullum
744 3154 765 3197 o
788 3154 826 3198 ue
844 3133 913 3217 otii,
934 3134 1061 3198 nullum
1080 3134 1156 3199 soli·

147 3215 269 3284 tudinis
298 3237 416 3284 munus
443 3222 562 3303 exstat3
593 3239 633 3284 ex
664 3236 730 3303 quo
796 3221 910 3306 tellegi
936 3213 1033 3286 debet
1058 3211 1155 3286 illum
1248 3285 1249 3308 q

147 3306 267 3372 mentis
286 3307 465 3391 agitatione
478 3303 793 3394 investigationeque
807 3324 918 3373 aarum
936 3323 1053 3392 rerum,
1072 3323 1155 3394 quae
1169 3323 1196 3366 u
1248 3309 1249 3312 ’

147 3392 323 3479 cogitando
344 3394 692 3478 consequebamur
714 3394 857 3462 otiosum
878 3409 938 3460 nec
960 3395 1067 3462 solum
1087 3414 1155 3460 am·

148 3499 247 3566 quam
260 3479 375 3564 fuisse;
391 3497 452 3546 nor
471 3484 589 3560 autem,
608 3482 664 3566 qui
680 3497 747 3548 non
764 3487 893 3548 tantum
911 3482 1040 3548 roboris
1057 3483 1156 3548 habe·
1247 3543 1248 3562 q
