2578 3950
112 136 175 202 188
413 95 567 191 annulos
584 136 634 190 un
652 133 816 190 aaronis

110 303 245 384 propter
267 298 500 364 dissensionem
522 299 640 379 autam,
663 317 746 378 quae
769 299 839 360 erat
861 293 896 358 in
918 315 954 359 re
979 295 1120 379 publica,

111 387 271 451 alienatus
295 389 346 452 est
369 407 388 450 a
411 385 538 470 collega
557 387 670 448 nostro
690 383 837 466 Metello;
856 386 1033 466 utrumque
1051 384 1122 468 egit

152 473 269 557 ariter,
302 473 496 538 auctoritate
519 476 553 536 et
576 471 751 536 offensione
779 469 880 536 animi
905 491 972 538 non
995 472 1120 536 acerba.
1251 523 1259 538 .

59 579 93 629 ra
141 583 216 626 uam
240 561 373 626 obrem
396 561 538 649 primum
562 559 667 624 danda
690 577 788 643 opera
811 561 870 642 est,
892 579 933 622 ne
956 579 1022 642 qua
1043 559 1119 625 ami·

112 670 223 714 corum
246 650 380 714 discidia
401 649 496 732 fiant,
519 647 570 712 sin
592 649 660 712 tale
683 646 806 729 aliquid
830 647 986 724 evenerit,
1008 650 1046 710 ut
1069 667 1120 710 ex·
1147 661 1163 706 s

111 737 233 802 tinctae
266 738 376 822 potius
410 735 570 801 amicitiae
604 757 700 818 quam
733 755 907 819 oppressae
939 733 1120 798 videantur.

112 823 298 890 Cavendum
320 846 411 908 vero,
442 845 483 888 ne
511 824 610 888 etiam
639 823 674 886 in
697 841 814 908 gruum
836 821 1023 887 inimicitias
1047 843 1121 886 con·

111 916 242 978 vertant
265 933 300 976 se
323 912 497 994 amicitiam
520 931 559 974 ex
578 909 695 995 quibus
713 910 828 994 iurgia,
847 909 1028 994 maledicta,
1048 931 1120 974 con·

111 999 265 1064 tumeliae
289 999 476 1086 gignuntur.
512 997 602 1073 Quae
624 1001 734 1062 tamur
756 998 786 1062 si
808 998 997 1071 tolerabiles
1017 1002 1120 1082 amnt,

110 1086 261 1152 ferendas
280 1093 369 1171 sunt,
396 1091 430 1151 et
451 1085 505 1152 hic
530 1086 635 1151 honos
663 1086 766 1150 veteri
794 1085 956 1151 amicitiae
978 1085 1164 1150 tribaca-10

112 1175 180 1258 dua,
203 1175 344 1240 atisin
366 1175 463 1260 culpa
485 1175 542 1258 sit,
565 1174 621 1258 qui
642 1173 756 1258 faciat,
786 1193 865 1259 non,
893 1174 949 1258 qui
975 1174 1121 1259 patiatur

111 1283 271 1328 1n1ur1am.
305 1303 308 1308 ,

179 1345 320 1416 Omnino
340 1351 486 1416 omnium
507 1349 624 1414 horum
648 1349 802 1415 vitiorum
825 1353 923 1434 atque
945 1348 1120 1414 incommo-

112 1438 227 1503 dorum
249 1461 315 1503 una
336 1439 444 1504 cautio
468 1442 518 1502 est
537 1441 635 1522 atque
653 1455 719 1502 una
736 1437 890 1520 provisio,
912 1440 950 1502 ut
967 1457 1008 1501 ne
1022 1437 1120 1504 nimis

59 1539 93 1590 79
113 1526 177 1590 cito
201 1527 336 1612 diligere
358 1525 515 1610 incipiant
538 1547 618 1590 neve
641 1545 708 1590 non
730 1524 854 1610 dignos.
891 1524 993 1610 Digni
1011 1529 1163 1590 autema

113 1617 190 1678 sunt
217 1613 373 1697 amicitia,
406 1613 522 1696 quibus
549 1613 584 1677 in
606 1613 686 1697 ipsis
709 1612 795 1676 inest
817 1632 930 1696 causa,
961 1632 1018 1677 cur
1051 1613 1120 1677 dili·

113 1705 241 1785 gantur.
285 1700 409 1764 Rarum
432 1695 544 1786 genus.
588 1698 633 1764 Et
661 1699 790 1784 quidem
818 1701 927 1765 omnia
953 1701 1122 1786 praeclara

112 1809 195 1866 rara,
216 1807 276 1853 neo
299 1789 471 1873 quiequam
494 1787 657 1854 difficilius
681 1809 779 1872 quam
797 1788 948 1872 reperire,
971 1788 1057 1872 quod
1076 1789 1122 1852 sit

113 1875 201 1941 omui
224 1897 263 1940 ex
285 1877 435 1961 partein
458 1897 516 1942 suo
540 1897 657 1962 genero
677 1875 865 1960 perfectum.
897 1874 961 1941 Sed
973 1875 1119 1963 plerique

111 1985 216 2048 neque
237 1964 273 2029 in
294 1965 392 2030 rebus
409 1964 560 2030 humanis
580 1964 752 2049 quicquam
770 1964 892 2029 bonurn
909 1968 1039 2048 norunt,
1055 1963 1120 2027 nisi
1134 1981 1168 2022 ro-

113 2051 199 2134 quod
221 2051 424 2116 fructuosum
446 2052 499 2137 sit,
522 2057 556 2117 et
574 2053 695 2116 amicos
718 2056 887 2136 tamquam
905 2051 1043 2136 pecudes
1064 2071 1120 2117 eos

112 2139 321 2222 potissimum
344 2139 498 2224 diligunt,
521 2139 695 2223 exquibus
720 2144 853 2223 sperant
876 2161 910 2204 se
933 2160 1120 2205 maxumum

60 2239 94 2290 80
112 2225 255 2290 fructum
273 2244 343 2290 esse
357 2230 518 2311 capturos.
552 2225 606 2292 Ita
619 2227 838 2312 pulcherrima
851 2227 910 2293 illa
924 2221 957 2292 et
971 2247 1121 2293 maxumo

111 2313 255 2378 naturali
278 2317 390 2380 carent
413 2314 556 2380 amicitia
578 2337 636 2399 por
657 2335 692 2379 se
710 2319 744 2378 et
761 2319 897 2400 propter
919 2337 953 2380 se
977 2315 1120 2400 expetita

112 2421 171 2465 nec
202 2400 266 2488 ipsi
298 2401 362 2466 sibi
393 2403 540 2487 exemplo
572 2407 661 2487 sunt,
692 2401 773 2467 haec
808 2403 857 2468 vis
890 2403 1052 2468 amicitiae
1087 2407 1120 2467 et
1133 2420 1161 2462 as

113 2487 219 2571 qualis
243 2491 276 2554 et
304 2493 426 2572 quanta
457 2490 509 2556 sit.
554 2488 629 2575 Ipse
660 2491 746 2555 enim
777 2511 811 2555 se
839 2491 975 2575 quisque
1002 2491 1121 2576 diligit,

111 2596 177 2640 non
199 2579 237 2640 ut
260 2576 402 2662 aliquam
425 2599 445 2642 a
468 2599 502 2642 se
529 2577 599 2663 ipse
627 2580 806 2644 mercedem
836 2579 947 2664 exigat
973 2579 1120 2644 caritatis

113 2684 203 2748 suae,
231 2664 287 2730 sed
310 2665 396 2749 quod
418 2687 477 2750 per
499 2687 534 2731 se
558 2666 621 2730 sibi
644 2667 781 2750 quisque
804 2687 896 2732 carus
925 2670 982 2732 est.
1028 2665 1120 2742 Quod

111 2752 176 2816 nisi
197 2752 284 2816 idem
300 2753 335 2816 in
350 2753 527 2818 amicitiam
541 2753 765 2837 transferetur,
782 2775 877 2819 varus
893 2755 1015 2819 amicus
1028 2776 1120 2818 num·

113 2860 211 2923 quam
233 2841 426 2924 reperietu13
454 2845 505 2906 est
527 2839 613 2906 enim
636 2842 679 2926 is,
707 2841 762 2925 qui
781 2845 831 2906 cst
849 2845 1017 2926 tamquam
1035 2843 1119 2906 alter
1133 2859 1162 2902 so

59 2940 92 2990 81
112 2926 205 2994 idem.
243 2925 365 3002 Quodsi
383 2928 445 2994 hoc
464 2933 601 3013 apparet
621 2930 656 2993 in
679 2929 802 3012 bestiis,
822 2930 1019 3014 volucribus,
1040 2951 1120 2995 nan-

111 3014 210 3099 tibus,
234 3016 429 3102 agrestibus,
452 3016 622 3100 cicuribus,
644 3017 736 3100 feris,
758 3017 901 3101 primum
920 3021 958 3082 ut
977 3018 1121 3102 seipsae

111 3102 252 3189 diligant
273 3102 320 3189 (id
334 3101 420 3168 enim
438 3103 561 3190 pariter
574 3125 647 3170 cnm
662 3105 751 3169 omni
769 3105 934 3170 animante
951 3103 1121 3189 nascitur),

112 3189 225 3254 deinde
247 3196 285 3256 ut
307 3192 476 3274 requirant
504 3197 601 3276 atqua
629 3193 799 3277 adpetant,
831 3193 872 3258 ad
900 3215 980 3278 quas
1005 3215 1040 3258 so
1067 3192 1120 3258 ad·

110 3276 233 3361 plicent
256 3279 399 3344 eiusdem
423 3281 551 3366 generis
574 3279 759 3363 animantis,
782 3281 879 3365 idque
901 3281 1027 3346 faciunt
1046 3301 1120 3346 cum
1133 3295 1161 3340 so

111 3363 269 3429 desiderio
292 3371 326 3430 et
349 3389 421 3431 cum
444 3367 584 3451 quadam
604 3368 815 3433 similitudine
834 3369 954 3434 amoris
975 3368 1120 3452 humani,

111 3454 232 3536 quanto
255 3452 289 3516 id
311 3453 418 3537 magis
441 3455 476 3518 in
497 3455 628 3520 homins
646 3456 685 3521 fit
707 3458 838 3521 natural
863 3455 918 3540 qui
942 3459 974 3520 et
995 3477 1030 3521 se
1048 3457 1120 3540 ipse
