<?xml version="1.0" encoding="UTF-8"?>
<!DOCTYPE html PUBLIC "-//W3C//DTD XHTML 1.0 Transitional//EN"
    "http://www.w3.org/TR/xhtml1/DTD/xhtml1-transitional.dtd">
<html xmlns="http://www.w3.org/1999/xhtml" xml:lang="en" lang="en">
 <head>
  <title>
</title>
<meta http-equiv="Content-Type" content="text/html;charset=utf-8" />
  <meta name='ocr-system' content='tesseract 3.04.00' />
  <meta name='ocr-capabilities' content='ocr_page ocr_carea ocr_par ocr_line ocrx_word'/>
</head>
<body>
  <div class='ocr_page' id='page_1' title='image "./mtulliiciceroni04mlgoog_0354.png"; bbox 0 0 2570 3944; ppageno 0'>
   <div class='ocr_carea' id='block_1_1' title="bbox 398 164 1131 232">
    <p class='ocr_par' dir='ltr' id='par_1_1' title="bbox 398 164 1131 232">
     <span class='ocr_line' id='line_1_1' title="bbox 398 164 1131 232; baseline 0.01 -9"><span class='ocrx_word' id='word_1_1' title='bbox 398 167 622 224; x_wconf 83' lang='lat' dir='ltr'>ORATIONUM.</span> <span class='ocrx_word' id='word_1_2' title='bbox 643 165 673 222; x_wconf 80' lang='lat' dir='ltr'><strong><em>C.</em></strong></span> <span class='ocrx_word' id='word_1_3' title='bbox 692 165 796 224; x_wconf 76' lang='lat' dir='ltr'>v-D.</span> <span class='ocrx_word' id='word_1_4' title='bbox 815 167 862 223; x_wconf 91' lang='lat' dir='ltr'><strong><em>1v.</em></strong></span> <span class='ocrx_word' id='word_1_5' title='bbox 1067 164 1131 232; x_wconf 77' lang='grc'><strong><em>291</em></strong></span> 
     </span>
    </p>
   </div>
   <div class='ocr_carea' id='block_1_2' title="bbox 251 395 1027 465">
    <p class='ocr_par' dir='ltr' id='par_1_2' title="bbox 251 395 1027 465">
     <span class='ocr_line' id='line_1_2' title="bbox 251 395 1027 465; baseline -0.008 -1"><span class='ocrx_word' id='word_1_6' title='bbox 251 398 291 465; x_wconf 90' lang='lat' dir='ltr'><strong><em>D.</em></strong></span> <span class='ocrx_word' id='word_1_7' title='bbox 322 397 383 463; x_wconf 80' lang='lat' dir='ltr'><strong><em>EX</em></strong></span> <span class='ocrx_word' id='word_1_8' title='bbox 405 395 738 463; x_wconf 79' lang='lat' dir='ltr'><strong>COMMENTARIIS</strong></span> <span class='ocrx_word' id='word_1_9' title='bbox 762 395 1027 464; x_wconf 21' lang='lat' dir='ltr'><strong>CAUSARUMJ</strong></span> 
     </span>
    </p>
   </div>
   <div class='ocr_carea' id='block_1_3' title="bbox 98 536 1136 976">
    <p class='ocr_par' dir='ltr' id='par_1_3' title="bbox 198 536 1136 624">
     <span class='ocr_line' id='line_1_3' title="bbox 198 536 1136 624; baseline 0 -19"><span class='ocrx_word' id='word_1_10' title='bbox 198 538 232 605; x_wconf 86' lang='lat' dir='ltr'><strong><em>V.</em></strong></span> <span class='ocrx_word' id='word_1_11' title='bbox 259 538 393 605; x_wconf 76' lang='lat' dir='ltr'><em>Ellendt.</em></span> <span class='ocrx_word' id='word_1_12' title='bbox 422 538 517 606; x_wconf 82' lang='lat' dir='ltr'><strong><em>Brut.</em></strong></span> <span class='ocrx_word' id='word_1_13' title='bbox 538 559 571 622; x_wconf 79' lang='lat' dir='ltr'><strong><em>p.</em></strong></span> <span class='ocrx_word' id='word_1_14' title='bbox 598 536 705 604; x_wconf 78' lang='lat' dir='ltr'><strong><em>XCII</em></strong></span> <span class='ocrx_word' id='word_1_15' title='bbox 706 587 716 624; x_wconf 88' lang='lat'><em>‚</em></span> <span class='ocrx_word' id='word_1_16' title='bbox 741 537 901 622; x_wconf 74' lang='lat' dir='ltr'><strong><em>Spaldinp.</em></strong></span> <span class='ocrx_word' id='word_1_17' title='bbox 930 539 1058 621; x_wconf 79' lang='lat' dir='ltr'><strong><em>Quintil.</em></strong></span> <span class='ocrx_word' id='word_1_18' title='bbox 1081 539 1136 605; x_wconf 85' lang='lat' dir='ltr'><strong><em>IV</em></strong></span> 
     </span>
    </p>

    <p class='ocr_par' dir='ltr' id='par_1_4' title="bbox 126 625 1134 795">
     <span class='ocr_line' id='line_1_4' title="bbox 126 625 1134 710; baseline -0.002 -16"><span class='ocrx_word' id='word_1_19' title='bbox 126 633 155 694; x_wconf 87' lang='lat'><strong><em>1.</em></strong></span> <span class='ocrx_word' id='word_1_20' title='bbox 178 632 219 694; x_wconf 86' lang='lat'><strong><em>69</em></strong></span> <span class='ocrx_word' id='word_1_21' title='bbox 236 649 270 709; x_wconf 79' lang='lat' dir='ltr'><strong><em>p.</em></strong></span> <span class='ocrx_word' id='word_1_22' title='bbox 293 630 345 705; x_wconf 84' lang='lat'><strong><em>52,</em></strong></span> <span class='ocrx_word' id='word_1_23' title='bbox 367 626 480 693; x_wconf 82' lang='lat' dir='ltr'><strong><em>Ascou.</em></strong></span> <span class='ocrx_word' id='word_1_24' title='bbox 498 645 531 710; x_wconf 82' lang='lat' dir='ltr'><strong><em>p.</em></strong></span> <span class='ocrx_word' id='word_1_25' title='bbox 550 631 602 693; x_wconf 83' lang='grc'><strong><em>76.</em></strong></span> <span class='ocrx_word' id='word_1_26' title='bbox 620 630 640 692; x_wconf 87' lang='lat'><strong><em>5</em></strong></span> <span class='ocrx_word' id='word_1_27' title='bbox 661 625 704 691; x_wconf 88' lang='lat' dir='ltr'><strong><em>K.</em></strong></span> <span class='ocrx_word' id='word_1_28' title='bbox 727 632 756 691; x_wconf 84' lang='lat' dir='ltr'><strong><em>ec</em></strong></span> <span class='ocrx_word' id='word_1_29' title='bbox 774 625 859 692; x_wconf 70' lang='lat' dir='ltr'><strong><em>sou:</em></strong></span> <span class='ocrx_word' id='word_1_30' title='bbox 882 647 951 692; x_wconf 90' lang='lat' dir='ltr'><strong><em>cum</em></strong></span> <span class='ocrx_word' id='word_1_31' title='bbox 972 629 1037 694; x_wconf 81' lang='lat' dir='ltr'><strong><em>sint</em></strong></span> <span class='ocrx_word' id='word_1_32' title='bbox 1057 647 1134 694; x_wconf 92' lang='lat' dir='ltr'><strong><em>com-</em></strong></span> 
     </span>
     <span class='ocr_line' id='line_1_5' title="bbox 126 715 906 795; baseline -0.005 -13"><span class='ocrx_word' id='word_1_33' title='bbox 126 717 272 782; x_wconf 80' lang='lat' dir='ltr'><strong><em>mentarii</em></strong></span> <span class='ocrx_word' id='word_1_34' title='bbox 288 735 402 780; x_wconf 82' lang='lat' dir='ltr'><strong><em>corum</em></strong></span> <span class='ocrx_word' id='word_1_35' title='bbox 423 716 522 779; x_wconf 84' lang='lat' dir='ltr'><strong><em>etiam</em></strong></span> <span class='ocrx_word' id='word_1_36' title='bbox 538 715 749 795; x_wconf 75' lang='lat' dir='ltr'><strong><em>defensionum</em></strong></span> <span class='ocrx_word' id='word_1_37' title='bbox 764 765 779 779; x_wconf 90' lang='lat'><strong><em>..</em></strong></span> <span class='ocrx_word' id='word_1_38' title='bbox 803 765 809 779; x_wconf 91' lang='lat'><em>.</em></span> <span class='ocrx_word' id='word_1_39' title='bbox 834 764 841 779; x_wconf 93' lang='lat'><strong>.</strong></span> <span class='ocrx_word' id='word_1_40' title='bbox 863 762 872 780; x_wconf 89' lang='lat'><strong>.</strong></span> <span class='ocrx_word' id='word_1_41' title='bbox 892 757 906 770; x_wconf 83' lang='lat'><em>-</em></span> 
     </span>
    </p>

    <p class='ocr_par' dir='ltr' id='par_1_5' title="bbox 98 799 1134 886">
     <span class='ocr_line' id='line_1_6' title="bbox 98 799 1134 886; baseline 0.003 -20"><span class='ocrx_word' id='word_1_42' title='bbox 98 825 112 866; x_wconf 79' lang='lat' dir='ltr'><strong><em>s</em></strong></span> <span class='ocrx_word' id='word_1_43' title='bbox 193 802 218 867; x_wconf 92' lang='grc' dir='ltr'><strong><em>Ι.</em></strong></span> <span class='ocrx_word' id='word_1_44' title='bbox 241 801 314 869; x_wconf 87' lang='lat' dir='ltr'><strong><em>Pao</em></strong></span> <span class='ocrx_word' id='word_1_45' title='bbox 338 799 485 868; x_wconf 74' lang='lat' dir='ltr'><strong><em>Scaoao.</em></strong></span> <span class='ocrx_word' id='word_1_46' title='bbox 523 802 627 884; x_wconf 74' lang='lat' dir='ltr'><strong><em>Qrdm.</em></strong></span> <span class='ocrx_word' id='word_1_47' title='bbox 649 802 709 868; x_wconf 85' lang='lat' dir='ltr'><strong><em>IV</em></strong></span> <span class='ocrx_word' id='word_1_48' title='bbox 724 808 753 867; x_wconf 88' lang='lat'><strong><em>1.</em></strong></span> <span class='ocrx_word' id='word_1_49' title='bbox 776 807 817 868; x_wconf 88' lang='lat'><strong><em>69</em></strong></span> <span class='ocrx_word' id='word_1_50' title='bbox 839 802 888 868; x_wconf 79' lang='lat' dir='ltr'><strong><em>Ac</em></strong></span> <span class='ocrx_word' id='word_1_51' title='bbox 908 823 947 868; x_wconf 87' lang='lat' dir='ltr'><strong><em>ne</em></strong></span> <span class='ocrx_word' id='word_1_52' title='bbox 968 804 1038 884; x_wconf 80' lang='lat' dir='ltr'><strong><em>quis</em></strong></span> <span class='ocrx_word' id='word_1_53' title='bbox 1061 823 1134 886; x_wconf 74' lang='lat' dir='ltr'><strong><em>apo-</em></strong></span> 
     </span>
    </p>

    <p class='ocr_par' dir='ltr' id='par_1_6' title="bbox 126 888 1134 976">
     <span class='ocr_line' id='line_1_7' title="bbox 126 888 1134 976; baseline -0.003 -17"><span class='ocrx_word' id='word_1_54' title='bbox 126 891 268 974; x_wconf 79' lang='lat' dir='ltr'><strong><em>strophen</em></strong></span> <span class='ocrx_word' id='word_1_55' title='bbox 290 892 433 970; x_wconf 83' lang='lat' dir='ltr'><strong><em>miretur,</em></strong></span> <span class='ocrx_word' id='word_1_56' title='bbox 459 891 540 956; x_wconf 78' lang='lat' dir='ltr'><strong><em>icem</em></strong></span> <span class='ocrx_word' id='word_1_57' title='bbox 562 888 665 956; x_wconf 75' lang='lat' dir='ltr'><strong><em>Gc&#39;ccro</em></strong></span> <span class='ocrx_word' id='word_1_58' title='bbox 688 909 747 972; x_wconf 78' lang='lat' dir='ltr'><strong><em>pro</em></strong></span> <span class='ocrx_word' id='word_1_59' title='bbox 769 889 887 956; x_wconf 78' lang='lat' dir='ltr'><strong><em>Scauro</em></strong></span> <span class='ocrx_word' id='word_1_60' title='bbox 914 891 1049 956; x_wconf 70' lang='lat' dir='ltr'><strong><em>ammius</em></strong></span> <span class='ocrx_word' id='word_1_61' title='bbox 1074 911 1134 976; x_wconf 87' lang='lat' dir='ltr'><strong><em>reo,</em></strong></span> 
     </span>
    </p>
   </div>
   <div class='ocr_carea' id='block_1_4' title="bbox 126 979 1246 1068">
    <p class='ocr_par' dir='ltr' id='par_1_7' title="bbox 126 979 1246 1068">
     <span class='ocr_line' id='line_1_8' title="bbox 126 979 1246 1068; baseline 0.003 -23"><span class='ocrx_word' id='word_1_62' title='bbox 126 1001 205 1064; x_wconf 76' lang='lat' dir='ltr'><strong><em>quoe</em></strong></span> <span class='ocrx_word' id='word_1_63' title='bbox 217 999 311 1046; x_wconf 87' lang='lat' dir='ltr'><strong><em>consa</em></strong></span> <span class='ocrx_word' id='word_1_64' title='bbox 324 983 368 1046; x_wconf 84' lang='lat' dir='ltr'><strong><em>cst</em></strong></span> <span class='ocrx_word' id='word_1_65' title='bbox 383 979 418 1043; x_wconf 87' lang='lat' dir='ltr'><strong><em>in</em></strong></span> <span class='ocrx_word' id='word_1_66' title='bbox 436 979 661 1044; x_wconf 80' lang='lat' dir='ltr'><strong><em>commentariis</em></strong></span> <span class='ocrx_word' id='word_1_67' title='bbox 674 981 763 1059; x_wconf 91' lang='lat' dir='ltr'><strong><em>(nam</em></strong></span> <span class='ocrx_word' id='word_1_68' title='bbox 777 979 823 1046; x_wconf 74' lang='lat' dir='ltr'><strong><em>oe</em></strong></span> <span class='ocrx_word' id='word_1_69' title='bbox 836 979 963 1045; x_wconf 88' lang='lat' dir='ltr'><strong><em>cundem</em></strong></span> <span class='ocrx_word' id='word_1_70' title='bbox 978 979 1134 1065; x_wconf 78' lang='lat' dir='ltr'><em>defendit),</em></span> <span class='ocrx_word' id='word_1_71' title='bbox 1234 1057 1246 1068; x_wconf 53' lang='grc'><strong><em>,</em></strong></span> 
     </span>
    </p>
   </div>
   <div class='ocr_carea' id='block_1_5' title="bbox 85 1067 1136 1327">
    <p class='ocr_par' dir='ltr' id='par_1_8' title="bbox 85 1067 1136 1327">
     <span class='ocr_line' id='line_1_9' title="bbox 123 1067 790 1151; baseline -0.004 -16"><span class='ocrx_word' id='word_1_72' title='bbox 123 1068 340 1151; x_wconf 76' lang='lat' dir='ltr'><strong><em>prosopopoeia</em></strong></span> <span class='ocrx_word' id='word_1_73' title='bbox 363 1067 511 1149; x_wconf 69' lang='lat' dir='ltr'><strong><em>irascentis</em></strong></span> <span class='ocrx_word' id='word_1_74' title='bbox 528 1085 588 1150; x_wconf 80' lang='lat' dir='ltr'><strong><em>pro</em></strong></span> <span class='ocrx_word' id='word_1_75' title='bbox 609 1085 660 1131; x_wconf 88' lang='lat' dir='ltr'><strong><em>reo</em></strong></span> <span class='ocrx_word' id='word_1_76' title='bbox 682 1067 790 1132; x_wconf 82' lang='lat' dir='ltr'><strong><em>utitur.</em></strong></span> 
     </span>
     <span class='ocr_line' id='line_1_10' title="bbox 194 1153 1136 1236; baseline 0.003 -16"><span class='ocrx_word' id='word_1_77' title='bbox 194 1155 235 1220; x_wconf 91' lang='grc' dir='ltr'><strong><em>Π.</em></strong></span> <span class='ocrx_word' id='word_1_78' title='bbox 265 1153 337 1221; x_wconf 84' lang='lat' dir='ltr'><strong><em>Pno</em></strong></span> <span class='ocrx_word' id='word_1_79' title='bbox 366 1154 525 1221; x_wconf 73' lang='lat' dir='ltr'><strong><em>Giarruo.</em></strong></span> <span class='ocrx_word' id='word_1_80' title='bbox 572 1153 675 1236; x_wconf 78' lang='lat' dir='ltr'><strong><em>Quint.</em></strong></span> <span class='ocrx_word' id='word_1_81' title='bbox 702 1153 762 1218; x_wconf 88' lang='lat' dir='ltr'><strong><em>XI</em></strong></span> <span class='ocrx_word' id='word_1_82' title='bbox 783 1159 811 1219; x_wconf 90' lang='lat'><strong><em>1.</em></strong></span> <span class='ocrx_word' id='word_1_83' title='bbox 842 1153 1136 1222; x_wconf 65' lang='lat' dir='ltr'><strong><em>calciandum</em></strong></span> 
     </span>
     <span class='ocr_line' id='line_1_11' title="bbox 85 1242 1134 1327; baseline 0.005 -22"><span class='ocrx_word' id='word_1_84' title='bbox 85 1265 113 1306; x_wconf 76' lang='lat' dir='ltr'><strong><em>ro</em></strong></span> <span class='ocrx_word' id='word_1_85' title='bbox 124 1263 183 1327; x_wconf 84' lang='lat' dir='ltr'><strong><em>pro</em></strong></span> <span class='ocrx_word' id='word_1_86' title='bbox 202 1243 336 1310; x_wconf 82' lang='lat' dir='ltr'><strong><em>Gabinio</em></strong></span> <span class='ocrx_word' id='word_1_87' title='bbox 356 1242 438 1308; x_wconf 85' lang='lat' dir='ltr'><strong><em>dP.</em></strong></span> <span class='ocrx_word' id='word_1_88' title='bbox 458 1242 591 1326; x_wconf 84' lang='lat' dir='ltr'><strong><em>Vatinio,</em></strong></span> <span class='ocrx_word' id='word_1_89' title='bbox 613 1243 836 1308; x_wconf 78' lang='lat' dir='ltr'><strong><em>inimicissimis</em></strong></span> <span class='ocrx_word' id='word_1_90' title='bbox 854 1247 945 1307; x_wconf 74' lang='lat' dir='ltr'><strong><em>anna</em></strong></span> <span class='ocrx_word' id='word_1_91' title='bbox 962 1243 1022 1308; x_wconf 82' lang='lat' dir='ltr'><strong><em>sibi</em></strong></span> <span class='ocrx_word' id='word_1_92' title='bbox 1039 1244 1134 1310; x_wconf 79' lang='lat' dir='ltr'><strong><em>domi·</em></strong></span> 
     </span>
    </p>
   </div>
   <div class='ocr_carea' id='block_1_6' title="bbox 127 1331 1248 1414">
    <p class='ocr_par' dir='ltr' id='par_1_9' title="bbox 127 1331 1248 1414">
     <span class='ocr_line' id='line_1_12' title="bbox 127 1331 1248 1414; baseline 0.001 -17"><span class='ocrx_word' id='word_1_93' title='bbox 127 1333 218 1398; x_wconf 75' lang='lat' dir='ltr'><strong><em>nctus</em></strong></span> <span class='ocrx_word' id='word_1_94' title='bbox 239 1337 267 1396; x_wconf 86' lang='lat' dir='ltr'><strong><em>et</em></strong></span> <span class='ocrx_word' id='word_1_95' title='bbox 288 1333 323 1396; x_wconf 91' lang='lat' dir='ltr'><strong><em>iu</em></strong></span> <span class='ocrx_word' id='word_1_96' title='bbox 345 1351 419 1414; x_wconf 85' lang='lat' dir='ltr'><strong><em>quos</em></strong></span> <span class='ocrx_word' id='word_1_97' title='bbox 441 1331 593 1396; x_wconf 81' lang='lat' dir='ltr'><strong><em>orationes</em></strong></span> <span class='ocrx_word' id='word_1_98' title='bbox 615 1331 707 1395; x_wconf 82' lang='lat' dir='ltr'><strong><em>diam</em></strong></span> <span class='ocrx_word' id='word_1_99' title='bbox 733 1331 909 1414; x_wconf 70' lang='lat' dir='ltr'><strong><em>scripserat,</em></strong></span> <span class='ocrx_word' id='word_1_100' title='bbox 936 1351 1040 1396; x_wconf 78' lang='lat' dir='ltr'><strong><em>ouum</em></strong></span> <span class='ocrx_word' id='word_1_101' title='bbox 1062 1332 1085 1414; x_wconf 92' lang='lat'>†</span> <span class='ocrx_word' id='word_1_102' title='bbox 1107 1333 1137 1398; x_wconf 84' lang='lat' dir='ltr'><strong><em>ct</em></strong></span> <span class='ocrx_word' id='word_1_103' title='bbox 1245 1363 1248 1369; x_wconf 95' lang='lat'>·</span> 
     </span>
    </p>
   </div>
   <div class='ocr_carea' id='block_1_7' title="bbox 5 1417 1140 3350">
    <p class='ocr_par' dir='ltr' id='par_1_10' title="bbox 5 1417 1140 3350">
     <span class='ocr_line' id='line_1_13' title="bbox 128 1417 1135 1503; baseline 0 -18"><span class='ocrx_word' id='word_1_104' title='bbox 128 1423 211 1486; x_wconf 83' lang='lat' dir='ltr'><strong><em>iusta</em></strong></span> <span class='ocrx_word' id='word_1_105' title='bbox 233 1420 276 1485; x_wconf 81' lang='lat' dir='ltr'><strong><em>sii</em></strong></span> <span class='ocrx_word' id='word_1_106' title='bbox 294 1419 445 1501; x_wconf 84' lang='lat' dir='ltr'><strong><em>faciendi:</em></strong></span> <span class='ocrx_word' id='word_1_107' title='bbox 467 1439 534 1484; x_wconf 91' lang='lat' dir='ltr'><strong><em>non</em></strong></span> <span class='ocrx_word' id='word_1_108' title='bbox 557 1439 591 1482; x_wconf 87' lang='lat' dir='ltr'><strong><em>se</em></strong></span> <span class='ocrx_word' id='word_1_109' title='bbox 616 1417 654 1482; x_wconf 86' lang='lat' dir='ltr'><strong><em>da</em></strong></span> <span class='ocrx_word' id='word_1_110' title='bbox 676 1417 799 1503; x_wconf 79' lang='lat' dir='ltr'><strong><em>ingenii</em></strong></span> <span class='ocrx_word' id='word_1_111' title='bbox 821 1417 919 1500; x_wconf 85' lang='lat' dir='ltr'><strong><em>fama,</em></strong></span> <span class='ocrx_word' id='word_1_112' title='bbox 942 1419 998 1483; x_wconf 86' lang='lat' dir='ltr'><strong><em>sed</em></strong></span> <span class='ocrx_word' id='word_1_113' title='bbox 1017 1419 1055 1485; x_wconf 87' lang='lat' dir='ltr'><strong><em>de</em></strong></span> <span class='ocrx_word' id='word_1_114' title='bbox 1073 1419 1135 1486; x_wconf 87' lang='lat' dir='ltr'><strong><em>fide</em></strong></span> 
     </span>
     <span class='ocr_line' id='line_1_14' title="bbox 129 1505 1135 1589; baseline 0.002 -17"><span class='ocrx_word' id='word_1_115' title='bbox 129 1525 200 1572; x_wconf 86' lang='lat' dir='ltr'><strong><em>esse</em></strong></span> <span class='ocrx_word' id='word_1_116' title='bbox 225 1507 408 1573; x_wconf 84' lang='lat' dir='ltr'><strong><em>sollicitum.</em></strong></span> <span class='ocrx_word' id='word_1_117' title='bbox 435 1543 473 1554; x_wconf 92' lang='lat'><em>-</em></span> <span class='ocrx_word' id='word_1_118' title='bbox 498 1507 679 1588; x_wconf 64' lang='lat' dir='ltr'><strong><em>Hieronem.</em></strong></span> <span class='ocrx_word' id='word_1_119' title='bbox 702 1507 781 1588; x_wconf 79' lang='lat' dir='ltr'><strong><em>apol.</em></strong></span> <span class='ocrx_word' id='word_1_120' title='bbox 804 1508 872 1574; x_wconf 89' lang='lat' dir='ltr'><strong><em>ado.</em></strong></span> <span class='ocrx_word' id='word_1_121' title='bbox 891 1505 999 1589; x_wconf 69' lang='lat' dir='ltr'><strong><em>Recrin.</em></strong></span> <span class='ocrx_word' id='word_1_122' title='bbox 1021 1506 1080 1572; x_wconf 88' lang='lat'><strong><em>11</em></strong></span> <span class='ocrx_word' id='word_1_123' title='bbox 1100 1509 1135 1574; x_wconf 85' lang='grc' dir='ltr'><strong><em>Τ.</em></strong></span> 
     </span>
     <span class='ocr_line' id='line_1_15' title="bbox 129 1593 1136 1678; baseline 0.001 -18"><span class='ocrx_word' id='word_1_124' title='bbox 129 1596 175 1660; x_wconf 93' lang='grc' dir='ltr'><strong><em>ΙΙ</em></strong></span> <span class='ocrx_word' id='word_1_125' title='bbox 188 1617 220 1678; x_wconf 82' lang='lat' dir='ltr'><strong><em>p.</em></strong></span> <span class='ocrx_word' id='word_1_126' title='bbox 243 1597 306 1661; x_wconf 79' lang='lat'><strong><em>459</em></strong></span> <span class='ocrx_word' id='word_1_127' title='bbox 319 1596 352 1661; x_wconf 82' lang='lat' dir='ltr'><em>A</em></span> <span class='ocrx_word' id='word_1_128' title='bbox 376 1595 508 1662; x_wconf 80' lang='lat' dir='ltr'><strong><em>Vallum.</em></strong></span> <span class='ocrx_word' id='word_1_129' title='bbox 550 1593 636 1662; x_wconf 85' lang='lat' dir='ltr'><strong><em>Unde</em></strong></span> <span class='ocrx_word' id='word_1_130' title='bbox 657 1598 686 1659; x_wconf 83' lang='lat' dir='ltr'><strong><em>ct</em></strong></span> <span class='ocrx_word' id='word_1_131' title='bbox 709 1593 831 1661; x_wconf 76' lang='lat' dir='ltr'><strong><em>Tullius</em></strong></span> <span class='ocrx_word' id='word_1_132' title='bbox 852 1595 888 1660; x_wconf 90' lang='lat' dir='ltr'><strong><em>in</em></strong></span> <span class='ocrx_word' id='word_1_133' title='bbox 910 1598 1136 1662; x_wconf 83' lang='lat' dir='ltr'><strong><em>commentariis</em></strong></span> 
     </span>
     <span class='ocr_line' id='line_1_16' title="bbox 87 1681 1135 1768; baseline 0.004 -24"><span class='ocrx_word' id='word_1_134' title='bbox 87 1705 115 1745; x_wconf 83' lang='lat'><strong><em>1⁵</em></strong></span> <span class='ocrx_word' id='word_1_135' title='bbox 129 1703 294 1750; x_wconf 72' lang='lat' dir='ltr'><strong><em>mensarum</em></strong></span> <span class='ocrx_word' id='word_1_136' title='bbox 311 1700 372 1765; x_wconf 76' lang='lat' dir='ltr'><strong><em>pro</em></strong></span> <span class='ocrx_word' id='word_1_137' title='bbox 395 1681 546 1750; x_wconf 79' lang='lat' dir='ltr'><strong><em>Gabinio:</em></strong></span> <span class='ocrx_word' id='word_1_138' title='bbox 569 1681 652 1768; x_wconf 79' lang='lat' dir='ltr'><strong><em>Ego,</em></strong></span> <span class='ocrx_word' id='word_1_139' title='bbox 674 1683 784 1764; x_wconf 77' lang='lat' dir='ltr'><strong><em>iuquit,</em></strong></span> <span class='ocrx_word' id='word_1_140' title='bbox 806 1704 878 1748; x_wconf 84' lang='lat' dir='ltr'><strong><em>cum</em></strong></span> <span class='ocrx_word' id='word_1_141' title='bbox 898 1701 1008 1749; x_wconf 88' lang='lat' dir='ltr'><strong><em>omnes</em></strong></span> <span class='ocrx_word' id='word_1_142' title='bbox 1029 1683 1135 1750; x_wconf 84' lang='lat' dir='ltr'><strong><em>amici-</em></strong></span> 
     </span>
     <span class='ocr_line' id='line_1_17' title="bbox 5 1770 1136 1857; baseline 0.002 -22"><span class='ocrx_word' id='word_1_143' title='bbox 5 1793 6 1800; x_wconf 52' lang='lat'><em>*</em></span> <span class='ocrx_word' id='word_1_144' title='bbox 128 1772 193 1837; x_wconf 88' lang='lat' dir='ltr'><strong><em>tias</em></strong></span> <span class='ocrx_word' id='word_1_145' title='bbox 220 1770 356 1837; x_wconf 87' lang='lat' dir='ltr'><strong><em>tuendas</em></strong></span> <span class='ocrx_word' id='word_1_146' title='bbox 384 1792 510 1856; x_wconf 80' lang='lat' dir='ltr'><strong><em>semper</em></strong></span> <span class='ocrx_word' id='word_1_147' title='bbox 537 1771 652 1855; x_wconf 84' lang='lat' dir='ltr'><strong><em>putavi</em></strong></span> <span class='ocrx_word' id='word_1_148' title='bbox 678 1791 804 1835; x_wconf 89' lang='lat' dir='ltr'><strong><em>summa</em></strong></span> <span class='ocrx_word' id='word_1_149' title='bbox 828 1770 986 1857; x_wconf 79' lang='lat' dir='ltr'><strong><em>religione</em></strong></span> <span class='ocrx_word' id='word_1_150' title='bbox 1009 1772 1136 1857; x_wconf 76' lang='lat' dir='ltr'><strong><em>attide,</em></strong></span> 
     </span>
     <span class='ocr_line' id='line_1_18' title="bbox 128 1858 1136 1943; baseline 0 -18"><span class='ocrx_word' id='word_1_151' title='bbox 128 1865 200 1926; x_wconf 88' lang='lat' dir='ltr'><strong><em>tum</em></strong></span> <span class='ocrx_word' id='word_1_152' title='bbox 223 1881 277 1924; x_wconf 88' lang='lat' dir='ltr'><strong><em>eas</em></strong></span> <span class='ocrx_word' id='word_1_153' title='bbox 300 1859 449 1943; x_wconf 86' lang='lat' dir='ltr'><strong><em>maxime,</em></strong></span> <span class='ocrx_word' id='word_1_154' title='bbox 472 1879 554 1942; x_wconf 89' lang='lat' dir='ltr'><strong><em>quae</em></strong></span> <span class='ocrx_word' id='word_1_155' title='bbox 577 1862 686 1923; x_wconf 88' lang='lat' dir='ltr'><strong><em>essent</em></strong></span> <span class='ocrx_word' id='word_1_156' title='bbox 709 1879 747 1923; x_wconf 88' lang='lat' dir='ltr'><strong><em>ex</em></strong></span> <span class='ocrx_word' id='word_1_157' title='bbox 767 1858 947 1923; x_wconf 87' lang='lat' dir='ltr'><strong><em>inimicitiis</em></strong></span> <span class='ocrx_word' id='word_1_158' title='bbox 966 1865 1136 1925; x_wconf 82' lang='lat' dir='ltr'><strong><em>revocatae</em></strong></span> 
     </span>
     <span class='ocr_line' id='line_1_19' title="bbox 128 1945 1136 2034; baseline 0.001 -22"><span class='ocrx_word' id='word_1_159' title='bbox 128 1949 163 2012; x_wconf 89' lang='lat' dir='ltr'><strong><em>in</em></strong></span> <span class='ocrx_word' id='word_1_160' title='bbox 187 1948 336 2034; x_wconf 76' lang='lat' dir='ltr'><strong><em>gratiam,</em></strong></span> <span class='ocrx_word' id='word_1_161' title='bbox 359 1950 532 2032; x_wconf 86' lang='lat' dir='ltr'><strong><em>propterea</em></strong></span> <span class='ocrx_word' id='word_1_162' title='bbox 555 1946 641 2031; x_wconf 89' lang='lat' dir='ltr'><strong><em>quod</em></strong></span> <span class='ocrx_word' id='word_1_163' title='bbox 662 1945 800 2032; x_wconf 79' lang='lat' dir='ltr'><strong><em>integris</em></strong></span> <span class='ocrx_word' id='word_1_164' title='bbox 823 1946 974 2011; x_wconf 77' lang='lat' dir='ltr'><strong><em>amicitiis</em></strong></span> <span class='ocrx_word' id='word_1_165' title='bbox 994 1946 1136 2013; x_wconf 86' lang='lat' dir='ltr'><strong><em>officium</em></strong></span> 
     </span>
     <span class='ocr_line' id='line_1_20' title="bbox 129 2034 1136 2121; baseline 0 -21"><span class='ocrx_word' id='word_1_166' title='bbox 129 2035 394 2121; x_wconf 84' lang='lat' dir='ltr'><strong><em>praetermissum</em></strong></span> <span class='ocrx_word' id='word_1_167' title='bbox 417 2035 651 2119; x_wconf 66' lang='lat' dir='ltr'><strong><em>imprudentiae</em></strong></span> <span class='ocrx_word' id='word_1_168' title='bbox 670 2035 736 2119; x_wconf 85' lang='lat' dir='ltr'><strong><em>vel,</em></strong></span> <span class='ocrx_word' id='word_1_169' title='bbox 761 2038 799 2098; x_wconf 91' lang='lat' dir='ltr'><strong><em>ut</em></strong></span> <span class='ocrx_word' id='word_1_170' title='bbox 826 2034 957 2120; x_wconf 83' lang='lat' dir='ltr'><strong><em>gravius</em></strong></span> <span class='ocrx_word' id='word_1_171' title='bbox 981 2035 1136 2121; x_wconf 85' lang='lat' dir='ltr'><strong><em>interpre-</em></strong></span> 
     </span>
     <span class='ocr_line' id='line_1_21' title="bbox 86 2121 1136 2209; baseline 0.002 -23"><span class='ocrx_word' id='word_1_172' title='bbox 86 2146 115 2186; x_wconf 64' lang='grc' dir='ltr'><strong><em>πο</em></strong></span> <span class='ocrx_word' id='word_1_173' title='bbox 129 2129 249 2208; x_wconf 82' lang='lat' dir='ltr'><strong><em>tamur,</em></strong></span> <span class='ocrx_word' id='word_1_174' title='bbox 272 2122 489 2209; x_wconf 79' lang='lat' dir='ltr'><strong><em>negligentiae</em></strong></span> <span class='ocrx_word' id='word_1_175' title='bbox 513 2121 717 2188; x_wconf 83' lang='lat' dir='ltr'><strong><em>excusatione</em></strong></span> <span class='ocrx_word' id='word_1_176' title='bbox 740 2121 935 2206; x_wconf 84' lang='lat' dir='ltr'><strong><em>defenditur,</em></strong></span> <span class='ocrx_word' id='word_1_177' title='bbox 957 2128 1033 2208; x_wconf 86' lang='lat' dir='ltr'><strong><em>post</em></strong></span> <span class='ocrx_word' id='word_1_178' title='bbox 1056 2125 1136 2188; x_wconf 87' lang='lat' dir='ltr'><strong><em>redi·</em></strong></span> 
     </span>
     <span class='ocr_line' id='line_1_22' title="bbox 129 2209 1137 2298; baseline 0 -21"><span class='ocrx_word' id='word_1_179' title='bbox 129 2215 200 2277; x_wconf 86' lang='lat' dir='ltr'><strong><em>tum</em></strong></span> <span class='ocrx_word' id='word_1_180' title='bbox 220 2214 328 2278; x_wconf 88' lang='lat' dir='ltr'><strong><em>autem</em></strong></span> <span class='ocrx_word' id='word_1_181' title='bbox 347 2212 381 2276; x_wconf 89' lang='lat' dir='ltr'><strong><em>in</em></strong></span> <span class='ocrx_word' id='word_1_182' title='bbox 400 2211 541 2298; x_wconf 80' lang='lat' dir='ltr'><strong><em>gratiam</em></strong></span> <span class='ocrx_word' id='word_1_183' title='bbox 561 2213 588 2275; x_wconf 89' lang='lat' dir='ltr'><strong><em>si</em></strong></span> <span class='ocrx_word' id='word_1_184' title='bbox 608 2211 685 2294; x_wconf 89' lang='lat' dir='ltr'><strong><em>quid</em></strong></span> <span class='ocrx_word' id='word_1_185' title='bbox 707 2214 758 2275; x_wconf 88' lang='lat' dir='ltr'><strong><em>est</em></strong></span> <span class='ocrx_word' id='word_1_186' title='bbox 780 2210 996 2295; x_wconf 86' lang='lat' dir='ltr'><strong><em>commissum,</em></strong></span> <span class='ocrx_word' id='word_1_187' title='bbox 1019 2209 1052 2276; x_wconf 87' lang='lat' dir='ltr'><strong><em>id</em></strong></span> <span class='ocrx_word' id='word_1_188' title='bbox 1070 2234 1137 2277; x_wconf 90' lang='lat' dir='ltr'><strong><em>non</em></strong></span> 
     </span>
     <span class='ocr_line' id='line_1_23' title="bbox 129 2297 1136 2386; baseline 0 -20"><span class='ocrx_word' id='word_1_189' title='bbox 129 2297 327 2386; x_wconf 81' lang='lat' dir='ltr'><strong><em>neglectum,</em></strong></span> <span class='ocrx_word' id='word_1_190' title='bbox 359 2300 415 2364; x_wconf 86' lang='lat' dir='ltr'><strong><em>sed</em></strong></span> <span class='ocrx_word' id='word_1_191' title='bbox 446 2299 604 2364; x_wconf 86' lang='lat' dir='ltr'><strong><em>violatum</em></strong></span> <span class='ocrx_word' id='word_1_192' title='bbox 635 2302 770 2382; x_wconf 84' lang='lat' dir='ltr'><strong><em>putatur</em></strong></span> <span class='ocrx_word' id='word_1_193' title='bbox 800 2320 859 2364; x_wconf 90' lang='lat' dir='ltr'><strong><em>nec</em></strong></span> <span class='ocrx_word' id='word_1_194' title='bbox 890 2299 1136 2385; x_wconf 86' lang='lat' dir='ltr'><strong><em>imprudentiae,</em></strong></span> 
     </span>
     <span class='ocr_line' id='line_1_24' title="bbox 130 2386 664 2472; baseline -0.009 -18"><span class='ocrx_word' id='word_1_195' title='bbox 130 2389 187 2454; x_wconf 87' lang='lat' dir='ltr'><strong><em>sed</em></strong></span> <span class='ocrx_word' id='word_1_196' title='bbox 209 2388 361 2472; x_wconf 86' lang='lat' dir='ltr'><strong><em>perfidiae</em></strong></span> <span class='ocrx_word' id='word_1_197' title='bbox 385 2386 547 2472; x_wconf 86' lang='lat' dir='ltr'><strong><em>assignari</em></strong></span> <span class='ocrx_word' id='word_1_198' title='bbox 571 2386 664 2451; x_wconf 88' lang='lat' dir='ltr'><strong><em>solet.</em></strong></span> 
     </span>
     <span class='ocr_line' id='line_1_25' title="bbox 195 2473 1136 2556; baseline 0.004 -17"><span class='ocrx_word' id='word_1_199' title='bbox 195 2474 254 2540; x_wconf 86' lang='lat'>111.</span> <span class='ocrx_word' id='word_1_200' title='bbox 289 2475 362 2541; x_wconf 83' lang='lat' dir='ltr'><strong><em>Pao</em></strong></span> <span class='ocrx_word' id='word_1_201' title='bbox 395 2475 548 2540; x_wconf 71' lang='lat' dir='ltr'><strong><em>Mirans..</em></strong></span> <span class='ocrx_word' id='word_1_202' title='bbox 592 2473 704 2539; x_wconf 82' lang='lat' dir='ltr'><strong><em>Ascou.</em></strong></span> <span class='ocrx_word' id='word_1_203' title='bbox 729 2494 763 2556; x_wconf 80' lang='lat' dir='ltr'><strong><em>p.</em></strong></span> <span class='ocrx_word' id='word_1_204' title='bbox 790 2479 840 2540; x_wconf 88' lang='grc'><strong><em>36.</em></strong></span> <span class='ocrx_word' id='word_1_205' title='bbox 866 2479 912 2540; x_wconf 83' lang='grc'><strong><em>27</em></strong></span> <span class='ocrx_word' id='word_1_206' title='bbox 940 2476 982 2541; x_wconf 86' lang='grc' dir='ltr'><strong><em>Κ.</em></strong></span> <span class='ocrx_word' id='word_1_207' title='bbox 1014 2479 1043 2541; x_wconf 83' lang='lat' dir='ltr'><strong><em>ct</em></strong></span> <span class='ocrx_word' id='word_1_208' title='bbox 1067 2475 1136 2543; x_wconf 78' lang='lat' dir='ltr'><strong><em>Scir.</em></strong></span> 
     </span>
     <span class='ocr_line' id='line_1_26' title="bbox 88 2562 1136 2646; baseline 0.005 -22"><span class='ocrx_word' id='word_1_209' title='bbox 88 2583 116 2624; x_wconf 78' lang='lat' dir='ltr'><strong><em>a</em></strong></span> <span class='ocrx_word' id='word_1_210' title='bbox 130 2565 242 2632; x_wconf 88' lang='lat' dir='ltr'><strong><em>Monet</em></strong></span> <span class='ocrx_word' id='word_1_211' title='bbox 266 2569 368 2629; x_wconf 75' lang='lat' dir='ltr'><strong><em>uectem</em></strong></span> <span class='ocrx_word' id='word_1_212' title='bbox 395 2563 452 2628; x_wconf 85' lang='lat' dir='ltr'><strong><em>iila</em></strong></span> <span class='ocrx_word' id='word_1_213' title='bbox 478 2582 594 2646; x_wconf 79' lang='lat' dir='ltr'><strong><em>quoqne</em></strong></span> <span class='ocrx_word' id='word_1_214' title='bbox 615 2566 735 2644; x_wconf 77' lang='lat' dir='ltr'><strong><em>occepta</em></strong></span> <span class='ocrx_word' id='word_1_215' title='bbox 756 2562 822 2627; x_wconf 89' lang='lat' dir='ltr'><strong><em>cius</em></strong></span> <span class='ocrx_word' id='word_1_216' title='bbox 843 2565 949 2628; x_wconf 81' lang='lat' dir='ltr'><strong><em>aratia</em></strong></span> <span class='ocrx_word' id='word_1_217' title='bbox 971 2597 1016 2610; x_wconf 90' lang='lat'>-</span> <span class='ocrx_word' id='word_1_218' title='bbox 1038 2563 1136 2630; x_wconf 75' lang='lat' dir='ltr'><strong><em>oenoe</em></strong></span> 
     </span>
     <span class='ocr_line' id='line_1_27' title="bbox 130 2649 1137 2734; baseline -0.002 -16"><span class='ocrx_word' id='word_1_219' title='bbox 130 2652 338 2734; x_wconf 60' lang='lat' dir='ltr'><strong><em>Bonane.</em></strong></span> <span class='ocrx_word' id='word_1_220' title='bbox 352 2656 393 2717; x_wconf 87' lang='lat'><strong><em>10</em></strong></span> <span class='ocrx_word' id='word_1_221' title='bbox 406 2649 494 2716; x_wconf 86' lang='lat' dir='ltr'><strong><em>Bait</em></strong></span> <span class='ocrx_word' id='word_1_222' title='bbox 522 2650 621 2716; x_wconf 82' lang='lat' dir='ltr'><strong><em>Extat</em></strong></span> <span class='ocrx_word' id='word_1_223' title='bbox 636 2650 718 2714; x_wconf 83' lang='lat' dir='ltr'><strong><em>alius</em></strong></span> <span class='ocrx_word' id='word_1_224' title='bbox 729 2655 891 2731; x_wconf 76' lang='lat' dir='ltr'><strong><em>praciuca</em></strong></span> <span class='ocrx_word' id='word_1_225' title='bbox 908 2651 985 2716; x_wconf 81' lang='lat' dir='ltr'><strong><em>iiber.</em></strong></span> <span class='ocrx_word' id='word_1_226' title='bbox 999 2655 1137 2716; x_wconf 70' lang='lat' dir='ltr'><strong><em>murum</em></strong></span> 
     </span>
     <span class='ocr_line' id='line_1_28' title="bbox 124 2737 1136 2824; baseline -0.002 -18"><span class='ocrx_word' id='word_1_227' title='bbox 124 2761 185 2824; x_wconf 74' lang='lat' dir='ltr'><strong><em>pro</em></strong></span> <span class='ocrx_word' id='word_1_228' title='bbox 203 2739 331 2818; x_wconf 86' lang='lat' dir='ltr'><strong><em>Mdoue,</em></strong></span> <span class='ocrx_word' id='word_1_229' title='bbox 353 2739 388 2805; x_wconf 90' lang='lat' dir='ltr'><strong><em>iu</em></strong></span> <span class='ocrx_word' id='word_1_230' title='bbox 405 2758 465 2821; x_wconf 79' lang='lat' dir='ltr'><strong><em>quo</em></strong></span> <span class='ocrx_word' id='word_1_231' title='bbox 483 2739 588 2804; x_wconf 84' lang='lat' dir='ltr'><strong><em>omm‘a</em></strong></span> <span class='ocrx_word' id='word_1_232' title='bbox 605 2738 779 2820; x_wconf 79' lang='lat' dir='ltr'><strong><em>interrupta</em></strong></span> <span class='ocrx_word' id='word_1_233' title='bbox 796 2742 825 2801; x_wconf 82' lang='lat' dir='ltr'><strong><em>ct</em></strong></span> <span class='ocrx_word' id='word_1_234' title='bbox 841 2737 972 2822; x_wconf 80' lang='lat' dir='ltr'><strong><em>inpolito</em></strong></span> <span class='ocrx_word' id='word_1_235' title='bbox 990 2741 1019 2802; x_wconf 84' lang='lat' dir='ltr'><em>d</em></span> <span class='ocrx_word' id='word_1_236' title='bbox 1034 2741 1136 2823; x_wconf 79' lang='lat' dir='ltr'><strong><em>nodio,</em></strong></span> 
     </span>
     <span class='ocr_line' id='line_1_29' title="bbox 124 2825 1140 2912; baseline -0.003 -17"><span class='ocrx_word' id='word_1_237' title='bbox 124 2827 220 2912; x_wconf 75' lang='lat' dir='ltr'><strong><em>plna</em></strong></span> <span class='ocrx_word' id='word_1_238' title='bbox 242 2830 369 2910; x_wconf 78' lang='lat' dir='ltr'><strong><em>denique</em></strong></span> <span class='ocrx_word' id='word_1_239' title='bbox 390 2827 521 2894; x_wconf 81' lang='lat' dir='ltr'><strong><em>macimi</em></strong></span> <span class='ocrx_word' id='word_1_240' title='bbox 544 2825 669 2891; x_wconf 80' lang='lat' dir='ltr'><strong><em>terroris</em></strong></span> <span class='ocrx_word' id='word_1_241' title='bbox 690 2843 846 2909; x_wconf 72' lang='lat' dir='ltr'><strong><em>aouoscas.</em></strong></span> <span class='ocrx_word' id='word_1_242' title='bbox 868 2861 910 2872; x_wconf 92' lang='lat'>-</span> <span class='ocrx_word' id='word_1_243' title='bbox 935 2825 1061 2906; x_wconf 79' lang='lat' dir='ltr'><strong><em>Qccintil.</em></strong></span> <span class='ocrx_word' id='word_1_244' title='bbox 1084 2827 1108 2890; x_wconf 89' lang='grc'><strong><em>1</em></strong></span> <span class='ocrx_word' id='word_1_245' title='bbox 1111 2827 1140 2893; x_wconf 88' lang='lat' dir='ltr'><em>V</em></span> 
     </span>
     <span class='ocr_line' id='line_1_30' title="bbox 129 2913 1138 2998; baseline -0.001 -16"><span class='ocrx_word' id='word_1_246' title='bbox 129 2922 159 2982; x_wconf 88' lang='lat'><strong><em>3.</em></strong></span> <span class='ocrx_word' id='word_1_247' title='bbox 186 2921 230 2982; x_wconf 79' lang='lat'><strong><em>17</em></strong></span> <span class='ocrx_word' id='word_1_248' title='bbox 262 2915 348 2983; x_wconf 85' lang='lat' dir='ltr'><strong><em>Unde</em></strong></span> <span class='ocrx_word' id='word_1_249' title='bbox 374 2913 512 2982; x_wconf 78' lang='lat' dir='ltr'><strong><em>Ciceroni</em></strong></span> <span class='ocrx_word' id='word_1_250' title='bbox 536 2933 653 2998; x_wconf 78' lang='lat' dir='ltr'><strong><em>quoquc</em></strong></span> <span class='ocrx_word' id='word_1_251' title='bbox 679 2914 714 2979; x_wconf 87' lang='lat' dir='ltr'><strong><em>in</em></strong></span> <span class='ocrx_word' id='word_1_252' title='bbox 734 2914 904 2997; x_wconf 76' lang='lat' dir='ltr'><strong><em>prooemio,</em></strong></span> <span class='ocrx_word' id='word_1_253' title='bbox 934 2933 1003 2980; x_wconf 90' lang='lat' dir='ltr'><strong><em>cum</em></strong></span> <span class='ocrx_word' id='word_1_254' title='bbox 1028 2915 1138 2981; x_wconf 77' lang='lat' dir='ltr'><strong><em>dumet</em></strong></span> 
     </span>
     <span class='ocr_line' id='line_1_31' title="bbox 88 3002 1137 3088; baseline 0.004 -23"><span class='ocrx_word' id='word_1_255' title='bbox 88 3023 117 3065; x_wconf 77' lang='lat' dir='ltr'><strong><em>so</em></strong></span> <span class='ocrx_word' id='word_1_256' title='bbox 124 3025 186 3088; x_wconf 80' lang='lat' dir='ltr'><strong><em>pro</em></strong></span> <span class='ocrx_word' id='word_1_257' title='bbox 212 3005 344 3083; x_wconf 84' lang='lat' dir='ltr'><strong><em>Milone,</em></strong></span> <span class='ocrx_word' id='word_1_258' title='bbox 377 3003 498 3087; x_wconf 73' lang='lat' dir='ltr'><strong><em>dcqredi</em></strong></span> <span class='ocrx_word' id='word_1_259' title='bbox 522 3002 739 3086; x_wconf 70' lang='lat' dir='ltr'><strong><em>sunnonem,</em></strong></span> <span class='ocrx_word' id='word_1_260' title='bbox 773 3003 904 3086; x_wconf 80' lang='lat' dir='ltr'><strong><em>adipso</em></strong></span> <span class='ocrx_word' id='word_1_261' title='bbox 932 3002 1137 3088; x_wconf 81' lang='lat' dir='ltr'><strong><em>oratiuncula,</em></strong></span> 
     </span>
     <span class='ocr_line' id='line_1_32' title="bbox 130 3097 475 3176; baseline -0.009 -18"><span class='ocrx_word' id='word_1_262' title='bbox 130 3113 193 3176; x_wconf 81' lang='lat' dir='ltr'><strong><em>qua</em></strong></span> <span class='ocrx_word' id='word_1_263' title='bbox 215 3112 291 3158; x_wconf 89' lang='lat' dir='ltr'><strong><em>usus</em></strong></span> <span class='ocrx_word' id='word_1_264' title='bbox 313 3097 364 3170; x_wconf 84' lang='lat' dir='ltr'><strong><em>cst,</em></strong></span> <span class='ocrx_word' id='word_1_265' title='bbox 382 3097 475 3174; x_wconf 80' lang='lat' dir='ltr'><strong><em>patet.</em></strong></span> 
     </span>
     <span class='ocr_line' id='line_1_33' title="bbox 196 3175 1136 3262; baseline -0.002 -16"><span class='ocrx_word' id='word_1_266' title='bbox 196 3177 252 3246; x_wconf 90' lang='lat' dir='ltr'><strong><em>IV.</em></strong></span> <span class='ocrx_word' id='word_1_267' title='bbox 282 3178 425 3258; x_wconf 65' lang='lat' dir='ltr'><strong><em>Momed.</em></strong></span> <span class='ocrx_word' id='word_1_268' title='bbox 446 3179 518 3262; x_wconf 69' lang='lat' dir='ltr'><strong><em>Im.</em></strong></span> <span class='ocrx_word' id='word_1_269' title='bbox 540 3181 612 3244; x_wconf 84' lang='lat'><strong><em>368.</em></strong></span> <span class='ocrx_word' id='word_1_270' title='bbox 634 3179 680 3243; x_wconf 83' lang='lat'><strong><em>28</em></strong></span> <span class='ocrx_word' id='word_1_271' title='bbox 696 3175 739 3241; x_wconf 87' lang='lat' dir='ltr'><strong><em>K.</em></strong></span> <span class='ocrx_word' id='word_1_272' title='bbox 776 3175 879 3244; x_wconf 79' lang='lat' dir='ltr'><strong><em>Cicero</em></strong></span> <span class='ocrx_word' id='word_1_273' title='bbox 901 3196 1066 3244; x_wconf 86' lang='lat' dir='ltr'><strong><em>causarum</em></strong></span> <span class='ocrx_word' id='word_1_274' title='bbox 1088 3179 1136 3244; x_wconf 88' lang='lat' dir='ltr'><strong><em>dc·</em></strong></span> 
     </span>
     <span class='ocr_line' id='line_1_34' title="bbox 130 3263 828 3350; baseline -0.009 -14"><span class='ocrx_word' id='word_1_275' title='bbox 130 3269 207 3336; x_wconf 81' lang='lat' dir='ltr'><strong><em>cium</em></strong></span> <span class='ocrx_word' id='word_1_276' title='bbox 230 3269 334 3335; x_wconf 81' lang='lat' dir='ltr'><strong><em>tertio:</em></strong></span> <span class='ocrx_word' id='word_1_277' title='bbox 356 3287 392 3333; x_wconf 88' lang='lat' dir='ltr'><strong><em>re</em></strong></span> <span class='ocrx_word' id='word_1_278' title='bbox 413 3265 545 3332; x_wconf 83' lang='lat' dir='ltr'><strong><em>vendita</em></strong></span> <span class='ocrx_word' id='word_1_279' title='bbox 567 3263 685 3330; x_wconf 87' lang='lat' dir='ltr'><strong><em>iterum</em></strong></span> <span class='ocrx_word' id='word_1_280' title='bbox 709 3269 828 3350; x_wconf 89' lang='lat' dir='ltr'><strong><em>empta.</em></strong></span> 
     </span>
    </p>
   </div>
   <div class='ocr_carea' id='block_1_8' title="bbox 0 0 1293 3944">
    <p class='ocr_par' dir='ltr' id='par_1_11' title="bbox 0 0 1293 3944">
     <span class='ocr_line' id='line_1_35' title="bbox 0 0 1293 3944; baseline 0 0"><span class='ocrx_word' id='word_1_281' title='bbox 0 0 1293 3944; x_wconf 95' lang='lat' dir='ltr'><strong><em> </em></strong></span> 
     </span>
    </p>
   </div>
  </div>
 </body>
</html>
