2578 3950
509 162 542 233 v,
561 162 606 218 vr.
635 169 782 230 sro—re.
1079 165 1143 230 211

136 321 257 388 iudicet
285 321 432 406 divitem,
463 343 530 390 non
561 323 729 391 hominum
757 345 863 392 sermo
890 347 993 410 neque
1019 347 1145 412 posses·

138 410 245 477 sioues
266 414 353 480 tuae.
395 408 491 476 Nihil
514 409 578 477 sibi
601 411 711 480 deesse
734 416 838 498 putat,
859 413 943 480 nihil
966 418 1057 480 curat
1079 435 1146 480 am·

136 499 238 584 plius,
266 499 405 564 satiatus
427 502 478 566 est
501 503 557 562 aut
580 503 750 566 contentus
774 500 872 566 etiam
895 503 1044 586 pecunia,
1073 523 1146 570 eon·

136 587 224 668 cedo,
243 586 332 652 dives
347 590 405 652 est.
438 583 495 650 Sin
508 590 617 656 autem
635 591 769 673 propter
788 589 979 657 ariditatem
991 591 1145 675 pecuniae

107 674 264 740 snullum
292 677 462 758 quaestum
490 678 618 760 turpem
645 679 757 760 putas,
788 699 861 745 cum
887 677 944 742 isti
972 679 1076 744 ordini
1103 700 1145 746 ne

1 755 3 848 l
135 763 293 828 honestus
317 761 445 846 quidem
467 762 573 846 possit
596 784 666 828 esse
688 764 790 848 ullus,
812 765 841 829 si
863 764 981 832 cotidie
1003 765 1146 851 fraudas,

137 850 267 936 decipis,
289 850 406 934 poscis,
428 851 611 936 pacisceris,
633 849 751 936 aufers,
772 851 880 938 eripis,
902 853 931 918 si
949 853 1053 920 socios
1073 876 1145 940 spo·

136 939 213 1023 lias,
245 938 406 1007 aerarium
438 939 576 1024 expilas,
609 939 638 1004 si
669 943 867 1007 testamenta
899 941 1076 1008 amicorum
1106 962 1145 1008 ree

1 1055 2 1108 3
137 1029 287 1112 expectas
324 1025 454 1112 quidem
488 1031 585 1110 atque
617 1027 687 1112 ipse
719 1029 888 1114 supponis,
923 1029 1003 1096 haec
1035 1033 1145 1097 utrum

1 1117 2 1180 l
95 1133 122 1172 1⁰
138 1114 332 1180 abundantis
361 1136 403 1184 au
430 1115 556 1200 egentis
579 1114 675 1200 signa
697 1117 794 1180 sunt?
839 1115 979 1185 Animus
1001 1117 1142 1186 hominis
1161 1133 1197 1183 44

1 1257 2 1286 ,
137 1203 240 1285 diver,
266 1223 332 1268 non
359 1223 449 1285 arca,
474 1223 552 1284 prae
578 1203 738 1288 appellari
766 1203 859 1270 solet.
904 1202 1058 1279 Quamvis
1084 1206 1144 1272 illa

1 1297 2 1328 ³
137 1291 181 1356 sit
203 1291 309 1375 plena,
332 1289 407 1356 dum
428 1294 462 1355 tc
479 1291 610 1356 inanem
627 1290 753 1376 ridebo,
776 1291 910 1358 divitem
927 1313 993 1358 non
1010 1295 1144 1378 putabo.

136 1377 269 1444 Etenim
296 1399 334 1445 ex
358 1401 410 1461 eo,
440 1383 598 1462 quantum
625 1378 739 1462 cuique
767 1379 847 1444 satis
875 1383 938 1464 est,
965 1381 1144 1446 metiuntur

135 1466 283 1532 homiues
298 1466 484 1532 divitiarum
498 1467 638 1533 modurn
668 1465 786 1554 Filiam
801 1467 872 1551 quis
885 1468 995 1547 habet,
1008 1468 1145 1554 pecunia

95 1572 122 1614 re
137 1559 188 1621 est
210 1575 306 1639 opus3
334 1554 429 1638 duas,
450 1555 587 1637 maiore,
612 1555 730 1640 pluris,
753 1556 875 1625 maiore
898 1555 1010 1641 etiam3
1038 1557 1079 1641 si,
1106 1560 1145 1622 ut

0 1672 1 1685 ¹
136 1643 228 1708 aiunt
254 1641 277 1724 †
304 1641 453 1708 Danaum
481 1642 718 1728 quinquaginta
746 1643 812 1708 sint
838 1644 937 1729 filiae,
970 1647 1021 1710 tot
1051 1645 1143 1710 dotes

1 1737 2 1752 ,
135 1750 290 1818 magnam
312 1734 476 1814 quaerunt
502 1730 681 1815 pecuniam.
726 1729 891 1806 Quantum
920 1732 1006 1797 enim
1029 1731 1144 1818 ruique

136 1839 218 1904 opus
237 1822 296 1902 est,
315 1818 356 1884 ad
374 1817 407 1882 id
425 1819 695 1902 accommodatur,
713 1823 750 1883 ut
769 1823 845 1885 ante
863 1819 938 1903 diri,
956 1819 1144 1886 divitiarum

136 1905 259 1972 modus.
295 1903 358 1981 Qui
375 1905 477 1990 igitur
495 1927 561 1972 non
578 1905 664 1971 filias
682 1907 802 1991 plures,
820 1907 877 1972 sed
890 1906 1142 1974 innumerabiles

95 2012 122 2053 ²⁰
136 1993 456 2167 {titttltlll
479 1994 1142 2170 llllltlilttttltllttttst

72 2229 76 2236 .
136 2173 217 2254 tem,
243 2191 317 2236 cum
343 2171 413 2254 ipse
437 2131 531 2256 egere
554 2191 588 2236 se
612 2171 755 2238 sentiat?
799 2169 896 2238 Multi
919 2193 958 2235 ex
980 2175 1013 2238 te
1037 2170 1142 2238 audie·
1160 2187 1194 2237 rs
1286 2177 1287 2262 J

135 2262 225 2340 runt,
257 2279 330 2324 cum
362 2257 482 2324 diceres
514 2258 676 2324 neminem
708 2281 778 2325 esse
800 2258 960 2344 divitem,
990 2259 1054 2324 nisi
1087 2261 1143 2344 qui
1286 2271 1287 2276 ’

136 2345 312 2413 exercitum
339 2347 424 2412 alere
451 2351 563 2431 posset
589 2346 656 2412 suis
683 2346 858 2432 fructibus,
890 2347 975 2432 quod
1001 2348 1142 2432 populus

28 2510 30 2518 J
95 2433 302 2500 assemanus
328 2433 431 2500 tantis
457 2434 672 2520 vectigalibus
699 2434 764 2501 iam
791 2435 917 2520 pridem
943 2435 997 2501 vix
1023 2439 1142 2521 potest.

134 2521 224 2623 Ergo
247 2521 309 2588 hoc
331 2522 500 2608 proposito
522 2542 699 2606 numquam
722 2522 785 2588 eris
809 2522 897 2589 dives
926 2527 1015 2608 ante,
1044 2545 1142 2607 quam

2 2633 3 2694 p
134 2610 196 2674 tibr
224 2631 262 2676 ex
289 2610 355 2676 tuis
382 2609 642 2695 possessionibus
675 2613 803 2676 tantum
830 2610 1005 2695 reficietur,
1038 2614 1076 2678 ut
1103 2633 1142 2676 eo

2 2707 3 2738 ³
134 2698 219 2764 tueri
234 2719 290 2764 sex
304 2697 450 2784 legiones
463 2701 497 2764 et
510 2719 631 2783 magna
643 2698 788 2782 equitum
807 2720 844 2764 ac
862 2699 1007 2783 peditum
1022 2699 1143 2764 auxilia

2 2753 4 2882 i
134 2786 250 2872 possis.
294 2785 365 2852 Iam
391 2785 506 2852 fateris
533 2786 636 2870 igitur
662 2807 727 2852 non
755 2806 826 2850 esse
852 2790 885 2852 te
913 2786 1060 2869 divitem,
1091 2786 1143 2852 oui

93 2891 120 2932 ³⁰
134 2878 264 2941 tantum
293 2873 389 2958 desit,
419 2878 458 2939 ut
486 2875 617 2959 expleas
648 2874 695 2960 id,
727 2873 813 2958 quod
839 2877 983 2959 exoptas.
1027 2872 1142 2958 Itaque

133 2962 232 3028 istam
258 2965 486 3048 paupertatem
513 2963 565 3028 vel
591 2962 702 3048 potius
729 2964 910 3048 egestatem
933 2983 971 3028 ac
992 2961 1142 3028 mendici-

1 3041 5 3134 l
133 3054 237 3116 tatem
264 3055 356 3116 tuam
382 3072 560 3135 numquam
588 3051 723 3146 opscure
750 3049 865 3116 tulisti.
910 3048 997 3116 Nam
1028 3053 1065 3115 ut
1091 3048 1142 3134 iis,
1160 3027 1194 3156 ΞΘ
1286 3103 1287 3112 ,

134 3139 189 3223 qui
206 3140 343 3205 honeste
361 3160 430 3204 rem
453 3143 613 3224 quaerunt
634 3138 825 3205 mercaturis
847 3137 1012 3220 faciendis,
1034 3137 1141 3222 operis
1286 3165 1287 3204 3

134 3226 259 3312 dandis,
276 3227 413 3313 publicis
427 3227 600 3311 sumendis,
618 3226 839 3313 intellegimus
858 3248 938 3312 opus
958 3245 1028 3290 esse
1046 3246 1142 3310 quae·

90 3330 119 3372 ³⁵
133 3315 211 3399 sito,
244 3315 304 3400 sic,
336 3315 391 3400 qui
423 3316 512 3381 ridet
543 3315 631 3380 domi
662 3319 737 3380 tuae
766 3314 890 3400 pariter
918 3317 1142 3382 accusatorum

133 3407 231 3488 atque
262 3402 404 3470 indicmn
436 3403 638 3470 consociatos
671 3422 801 3489 greges,
838 3402 893 3487 qui
924 3404 1076 3470 nocentes
1108 3405 1142 3466 et

131 3491 323 3577 pecuniosos
351 3513 423 3558 reos
452 3491 564 3558 ecdem
591 3494 624 3558 te
652 3495 762 3558 actore
789 3492 1008 3579 corruptelam
1031 3488 1141 3557 iudicii

926 3592 980 3652 14*
