2570 3944
120 155 124 178 *
171 183 237 249 336
560 179 786 238 senensem

166 345 311 428 poterisse,
332 344 397 410 nesi
419 343 534 409 lentem
554 344 620 408 eins
641 347 671 408 et
690 343 772 407 ratio
788 343 859 424 ipse
874 345 905 406 et
920 342 1088 408 consolatio
1104 343 1186 408 erni·

171 453 277 498 comm
298 437 328 498 et
348 433 492 515 teorporis
514 432 669 514 lonpitnde
690 430 865 511 mitipasset.

241 521 290 584 12.
313 520 455 585 Lactant.
477 520 548 584 inst.
570 519 630 585 die.
652 517 720 582 ΙΙΙ
737 522 786 583 19.
804 523 895 599 3spp.
918 515 1038 582 Docent
1060 517 1187 582 divinae

172 608 290 674 litterae
310 628 374 674 nen
396 608 549 691 enslinpni
570 608 703 689 enimes,
724 607 777 670 sel
796 610 853 670 ant
868 625 929 687 pro
951 605 1076 670 iristite'e
1091 625 1187 688 pree

171 696 234 762 mio
251 697 345 778 adlici
361 701 419 760 eet
433 715 536 778 poene
550 714 611 777 pro
628 694 787 760 sceleribus
803 694 1004 774 sempiterna·
1027 713 1084 758 nee
1100 695 1189 758 enim
1213 711 1223 751 ⁵

170 782 223 864 ses
244 789 290 849 est
313 788 476 861 autenm,
503 784 558 864 pei
583 783 745 847 scelerates
771 782 806 846 in
833 782 898 845 elta
921 781 1053 861 feliciter
1077 780 1189 862 feerit,
1258 811 1259 820 κ

172 871 309 954 effapere,
331 871 412 953 qaod
432 875 572 953 meretur,
594 875 651 934 ent
672 889 749 947 enm,
771 869 826 950 qni
847 867 883 933 ob
905 869 1058 933 iustitiam
1076 871 1189 936 miser-

171 961 272 1023 rimns
292 959 402 1041 feerit,
428 977 488 1022 sme
513 959 645 1022 mercede
669 956 824 1036 fraudari.
871 955 959 1036 Qeoel
979 958 1055 1022 aeleo
1076 977 1190 1022 aerem

172 1050 228 1127 est,
256 1050 292 1110 et
317 1046 397 1111 idem
421 1044 544 1110 Pellitos
569 1046 606 1109 in
628 1042 839 1110 Consolatione
864 1064 929 1109 non
954 1046 1076 1109 mselem
1101 1047 1191 1111 sedes
1257 1063 1259 1120 l

173 1133 303 1198 incolere
333 1134 429 1200 instes
459 1137 549 1216 otene
579 1133 691 1215 impios
717 1133 949 1214 praedicaverit.
994 1130 1063 1198 Nee
1097 1134 1190 1198 enim
1205 1153 1227 1192 n

174 1221 341 1305 omnibus,
373 1222 488 1303 inquit,
519 1218 618 1284 iidem
650 1220 701 1284 illi
734 1220 895 1304 sepientes
926 1219 1079 1284 arbitrali
1107 1225 1191 1286 sunt

174 1309 312 1374 eundem
331 1330 460 1374 cursum
478 1309 513 1373 in
531 1308 657 1373 eaelum
675 1311 801 1392 peter03
823 1329 900 1371 nem
922 1307 1011 1372 vitiis
1034 1311 1068 1372 et
1086 1310 1189 1374 seele

173 1397 264 1460 ribus
282 1397 520 1462 contaminatos
540 1395 677 1481 deprimi
695 1395 730 1459 in
746 1395 898 1460 tenebras
915 1399 1012 1479 etque
1029 1396 1065 1460 in
1083 1417 1189 1462 caeno

172 1484 277 1549 iecere
300 1485 486 1567 docuerunt,
510 1488 618 1549 castos
642 1487 750 1547 eutem
773 1483 942 1566 [animos]‚
964 1504 1080 1567 puros,
1103 1484 1189 1549 inte-

174 1591 264 1655 gros,
291 1568 508 1655 incorreptos,
538 1570 631 1635 bonis
660 1570 759 1635 etiem
787 1569 902 1636 studiis
930 1574 1028 1654 etque
1054 1573 1188 1636 artibus
1203 1590 1225 1630 ιε

174 1658 334 1742 expolitos
357 1659 424 1723 leni
447 1658 586 1741 quodem
609 1661 643 1722 et
664 1657 754 1722 facili
776 1658 870 1743 lapsu
894 1659 935 1723 ed
958 1659 1048 1742 deos,
1076 1659 1112 1723 id
1135 1664 1189 1725 est

175 1746 217 1809 ad
238 1749 390 1810 naturam
415 1746 465 1810 sui
489 1746 642 1828 similem,
666 1746 844 1830 pervolare.

243 1835 292 1900 13.
319 1835 405 1900 Laet.
433 1835 503 1900 inst.
530 1835 590 1900 elio.
617 1834 682 1899 111
706 1837 760 1900 28.
787 1840 808 1900 9
835 1834 883 1899 M.
913 1835 1035 1900 Poellins
1060 1836 1097 1900 in
1126 1856 1189 1902 see

175 1920 389 1988 Consolatione
404 1942 561 2006 pepnasse
581 1941 613 1987 se
634 1942 751 2004 semper
772 1927 879 1987 contre
903 1922 1064 2002 fortunam
1088 1923 1189 2006 leoni-

174 2015 240 2094 tnr,
266 2031 391 2092 eenmae
417 2030 439 2074 e
464 2031 496 2076 se
522 2030 638 2092 semiper
664 2029 725 2075 esse
751 2015 939 2094 eporeiam,
968 2029 1037 2076 enm
1061 2011 1189 2092 fortiter
1202 2030 1226 2071 n

173 2098 372 2162 inimieorum
393 2099 523 2179 impetes
545 2099 731 2175 rettulissem
754 2117 793 2162 ne
815 2103 881 2163 tem
902 2099 1024 2180 quidem
1040 2118 1072 2164 se
1089 2099 1129 2164 al
1151 2121 1190 2166 ee

173 2183 321 2267 fractum,
348 2204 417 2248 cem
444 2186 531 2250 elorno
548 2185 661 2266 palsms
677 2186 788 2268 petria
809 2187 957 2263 caconit·
985 2191 1051 2252 tem
1073 2193 1190 2271 entem

174 2289 244 2335 enm
274 2272 414 2336 emiserit
442 2273 637 2338 carissimam
667 2274 780 2356 filiam,
811 2275 923 2339 eietnm
953 2294 986 2340 se
1010 2294 1031 2338 e
1055 2275 1189 2355 fertecota

177 2359 307 2440 turpiter
328 2359 494 2440 confitetnr.
540 2357 641 2445 Cedo,
663 2363 778 2444 inponit,
801 2365 835 2426 et
857 2383 989 2427 menum
1010 2361 1103 2427 tollo.

245 2447 294 2512 14.
313 2444 374 2512 Oic.
394 2447 481 2512 Tese.
499 2446 567 2512 ΙΙΙ
579 2453 628 2514 31.
648 2448 791 2516 76·Sant
807 2450 899 2515 etiem
916 2451 972 2531 pei
987 2449 1060 2514 laec
1077 2451 1188 2515 omnia
1202 2469 1226 2511 ιε

172 2552 286 2615 penere
307 2534 484 2600 consolandi
505 2536 651 2618 eellipent
667 2535 765 2618 (alies
787 2538 869 2602 enim
891 2539 954 2604 elio
975 2537 1064 2603 niodo
1086 2558 1188 2604 mooe·

176 2621 251 2705 tnr),
273 2631 307 2686 nt
327 2622 391 2702 fere
407 2643 464 2688 nos
480 2625 516 2689 in
536 2622 747 2690 Consolatione
763 2625 870 2690 omm'e
891 2626 927 2689 in
949 2625 1188 2691 consolationem

175 2729 273 2776 enam
294 2711 489 2788 emiecimns;
512 2713 678 2777 eratenim
694 2713 731 2776 in
749 2716 865 2777 temore
886 2714 1012 2778 animes
1033 2717 1063 2778 ot
1083 2715 1188 2780 menis

176 2799 213 2862 in
234 2819 267 2863 eo
289 2799 494 2879 temptabatur
514 2801 641 2864 ceretio.

244 2885 294 2950 15.
308 2884 369 2951 (lie
383 2886 420 2950 de
431 2887 525 2952 diein.
539 2886 586 2950 ΙΙ
594 2892 624 2952 9.
632 2890 679 2952 22
692 2886 948 2953 Clarissimorum
960 2887 1120 2953 loneinm
1132 2909 1187 2955 ne
1201 2908 1226 2950 m

174 2976 256 3038 strae
268 2974 402 3038 civitatis
411 2974 611 3056 prenestinos
623 2975 723 3040 enimes
736 2977 772 3040 ln
781 2973 994 3042 Consolatione
1002 2977 1187 3059 eollepimes.

178 3095 215 3106 -
234 3061 321 3126 Taso.
335 3061 402 3126 ΙΙΙ
410 3065 464 3128 28.
479 3067 520 3127 70
536 3061 625 3145 liniri,
642 3065 696 3144 pei
708 3082 772 3127 nen
779 3068 896 3144 petant
909 3065 1072 3146 lepemlmn
1084 3065 1188 3130 eires?

174 3149 353 3301 nece
366 3148 1188 3321 senecen

176 3322 251 3387 Ceto
268 3328 410 3404 praetere
427 3257 723 3408 empneffmmtno
745 3326 820 3409 filio,
842 3328 947 3409 peotes
968 3260 1089 3412 relat,
1111 3347 1188 3410 qnos
1202 3343 1227 3386 ³⁵

174 3410 210 3473 in
238 3408 449 3476 Consolatione
477 3412 668 3493 conlepimes.
697 3447 739 3460 —
767 3414 952 3497 Hieronpm.
977 3417 1061 3498 epist.
1090 3419 1139 3480 60.
1166 3419 1188 3482 5

167 3496 219 3570 [acl
235 3494 357 3560 Helioel.
378 3496 412 3562 Τ.
428 3497 454 3561 I
461 3518 494 3580 p.
513 3501 576 3564 335
588 3499 621 3563 A
642 3498 774 3566 Vellere.
794 3501 877 3581 Qaicl
893 3521 1055 3567 merneram
1072 3502 1187 3568 Roma-
