2504 3950
277 177 342 235 nm.
362 180 410 235 111.
437 178 513 236 cnr.
532 186 575 249 aa,
594 187 637 236 aa.
665 185 813 247 aea-ea.
998 152 1060 245 119

84 339 149 404 mari
167 339 286 406 iactura
307 340 454 408 facienda
472 341 525 424 sit,
547 341 662 426 equine
679 341 816 426 pretiosi
832 341 943 427 potius
961 340 1061 407 iactu-

83 448 137 492 ram
160 426 253 494 faciat
280 450 322 494 an
348 429 467 494 servoli
494 429 577 494 vilis.
622 427 685 494 Hic
713 429 778 494 alio
805 451 857 494 res
878 429 1060 512 familiaris,

83 514 132 580 alio
153 513 234 581 ducit
257 516 451 584 humanitas.
488 513 535 581 ‘si
557 515 704 582 tabulam
728 517 767 582 de
788 515 961 604 naufragio
980 517 1060 582 stul-

83 605 122 666 tus
137 603 309 690 arripuerit,
327 603 573 689 extorquebitne
592 626 663 669 eam
682 603 820 689 sapiens,
839 605 867 670 si
882 603 1060 690 potueritl'

65 688 177 774 ⁵Negat,
198 691 273 775 quia
295 691 338 757 sit
360 691 522 758 iniurium.
569 691 688 768 ‘Quidl
716 692 863 758 dominus
886 692 979 758 navis
1002 693 1061 758 eri-

31 839 32 842 ,
81 776 167 860 pietne
188 779 313 850 suum?
359 779 517 863 ‘Minima
545 800 612 846 non
633 780 707 865 plus
731 803 828 865 quam
851 780 1061 866 navigantem

81 865 177 932 inallo
195 867 295 934 eicere
312 867 352 933 de
369 868 445 934 naui
463 868 552 952 uelit,
575 867 652 952 quia
674 890 733 934 sua
751 869 803 934 sit'.
839 867 953 946 Quoad
975 868 1061 934 enim

81 957 244 1035 peruentum
267 959 318 1020 est
340 977 388 1040 eo,
411 978 475 1040 quo
499 960 630 1040 sumpta
651 957 743 1022 navis
767 960 825 1040 est,
850 963 921 1039 non'
938 956 1062 1022 domini

82 1043 117 1104 est
138 1042 237 1127 nauis,
268 1043 325 1109 sed
350 1042 597 1130 navigantium?
648 1042 765 1121 ‘Quidr
797 1045 826 1110 si
852 1067 916 1110 una
947 1045 1061 1110 tabula
1079 1061 1114 1112 ao

57 1126 124 1210 nsit,
142 1129 199 1197 duo
220 1129 389 1218 naufragi,
416 1132 508 1215 eique
531 1131 708 1217 sapientes,
735 1133 839 1197 sibine
861 1137 990 1216 uterque
1012 1155 1061 1199 ra·

81 1213 139 1299 piat,
159 1239 198 1284 an
217 1220 303 1286 alter
321 1219 414 1286 cedat
432 1219 562 1286 alteri?
594 1218 708 1286 ‘Cedat
726 1241 812 1304 vero,
836 1220 891 1286 sed
910 1220 949 1305 ei,
971 1220 1061 1287 cuins

81 1305 163 1390 magis
183 1306 313 1374 intersit
335 1308 389 1372 vel
411 1329 470 1374 sua
491 1309 545 1373 vel
567 1308 615 1373 rei
641 1307 790 1392 publicae
813 1329 910 1373 causa
931 1308 1061 1374 vivere!

82 1388 166 1478 tQuid,
191 1395 218 1460 si
245 1395 326 1462 haee
353 1395 453 1480 paria
468 1397 502 1462 in
524 1394 696 1479 utroque?’
743 1394 890 1460 ‘Nullum
913 1395 975 1460 erit
997 1417 1062 1460 cer·

80 1481 175 1566 tanen,
196 1483 252 1548 sed
272 1483 365 1568 quasi
384 1487 471 1550 sorte
489 1487 547 1550 aut
565 1482 712 1550 micando
731 1483 835 1550 victus
855 1483 951 1548 alteri
971 1483 1062 1549 cedet

56 1567 162 1633 aelle?
204 1569 323 1646 ‘uuida
352 1570 380 1636 si
406 1575 501 1656 pater
527 1571 604 1638 fana
631 1571 764 1657 expilat,
792 1571 958 1638 cuniculos
984 1575 1063 1657 agat

81 1655 110 1719 ad
120 1659 281 1743 aerarium,
299 1659 458 1726 indicetne
477 1658 511 1725 id
528 1659 781 1746 magistratibus
795 1659 916 1726 filius?
949 1658 1062 1725 ‘Nefas

80 1741 104 1806 id
122 1745 239 1828 quidem
264 1750 324 1832 est,
347 1746 548 1832 quinetiam
570 1747 721 1814 defendat
742 1751 879 1833 patrem,
902 1748 931 1813 si
949 1769 1063 1832 argua-

80 1831 136 1895 tur?
176 1834 391 1920 ‘Non'igitur
416 1835 524 1920 patria
550 1839 697 1921 praestat
728 1836 878 1901 omnibus
911 1834 1062 1901 officiist'

81 1915 173 1988 ‘lnmo
201 1945 294 2006 vero,
327 1922 383 1988 sed
414 1923 478 2007 ipsi
509 1923 635 2007 patriae
667 1921 817 1988 conducit
844 1922 916 2007 pios
943 1921 1063 1987 habere

55 2005 145 2073 ncires
163 2010 196 2074 in
216 2009 392 2098 parentes?
429 2009 546 2086 ‘Quid'l
570 2011 598 2076 si
619 2009 823 2094 tyrannidem
847 2030 1012 2093 occupare,
1035 2009 1063 2073 si

80 2096 194 2174 patriam
228 2099 368 2186 prodere
404 2099 574 2165 conabitur
608 2103 720 2184 pater,
755 2097 905 2163 silebitne
921 2099 925 2108 ’
940 2095 1061 2163 filius?

80 2177 171 2250 ‘Immo
192 2206 272 2253 vero
295 2187 480 2254 obsecrabit
501 2189 638 2273 patrem,
659 2209 700 2252 ne
723 2185 757 2250 id
778 2185 886 2253 faciat.
923 2182 958 2251 si
980 2185 1063 2251 nihil

80 2271 213 2359 proficiet,
245 2274 425 2358 accusabit,
456 2275 635 2342 minabitur
662 2274 774 2358 etiam,
806 2275 848 2340 ad
875 2277 1063 2358 extremum,

80 2356 100 2419 si
116 2359 151 2424 ad
170 2362 346 2447 perniciem
366 2362 494 2448 patriae
516 2383 568 2428 res
587 2363 757 2448 spectabit,
778 2362 905 2447 patriae
924 2362 1064 2428 salutem
1163 2361 1165 2364 ’

55 2453 71 2493 ²⁵
80 2449 230 2532 anteponet
260 2451 359 2516 saluti
387 2449 513 2537 patris?
538 2461 541 2464 '
564 2449 697 2526 Quaerit
728 2451 840 2535 etiam,
873 2449 918 2516 si'
933 2449 1063 2534 sapiens
1081 2464 1114 2514 ar

80 2530 256 2604 adulterinos
287 2559 438 2606 nummos
471 2539 630 2624 acceperit
662 2537 836 2624 inprudens
868 2543 928 2623 pro
960 2537 1064 2621 bonis,

80 2639 135 2686 cam
157 2624 190 2690 id
215 2625 376 2710 rescierit,
403 2627 610 2692 soluturusne
636 2627 681 2691 sit
708 2633 777 2709 eos',
805 2626 832 2689 si
858 2625 912 2691 eui
939 2624 1065 2708 debeat,

80 2725 123 2788 pro
141 2711 241 2780 bonis.
287 2712 450 2801 Diogenes
473 2714 529 2798 ait,
551 2714 727 2798 Antipater
749 2715 858 2798 negat,
880 2712 932 2778 cui
954 2711 1063 2795 potius

80 2801 225 2867 cantior.
263 2800 326 2879 Qui
347 2801 459 2867 vinum
477 2801 605 2888 fugiens
628 2799 748 2866 vendat
770 2801 883 2882 sciens,
906 2798 1064 2863 debeatne

55 2879 170 2952 Adicere.
212 2889 290 2956 Non
315 2911 445 2956 neeesse
471 2893 568 2975 putat
594 2889 771 2974 Diogenes,
798 2886 973 2972 Antipater
998 2885 1064 2950 'viri

79 2967 138 3037 boni
166 2977 340 3044 existimat.
393 2977 483 3044 Haec
515 2981 591 3044 sunt
623 2976 716 3060 quasi
750 2979 962 3044 controversa
993 2974 1064 3040 iura

79 3052 248 3130 Stoicorum
298 3063 348 3130 ‘ln
375 3065 535 3151 mancipio
567 3063 736 3131 vendundo
769 3062 943 3129 dicendane
974 3061 1065 3146 vitia,

78 3163 128 3212 uon
147 3171 191 3236 ea,
213 3172 297 3236 quae
320 3153 384 3231 nisi
403 3152 531 3238 dixeris,
554 3152 762 3218 redhibeatur
780 3149 977 3234 mancipium
994 3148 1064 3215 iure

79 3230 160 3320 cirili,
181 3241 237 3304 sed
251 3241 352 3324 -haec,
375 3241 561 3308 mendacem
584 3261 669 3322 esse,
696 3239 886 3321 aleatorem,
912 3237 1065 3321 furacem,

55 3317 253 3394 eebcosumr
289 3327 397 3394 Alteri
419 3327 553 3397 dicenda
574 3327 733 3410 videntur,
756 3327 852 3392 alteri
874 3347 940 3391 non
956 3326 1078 3392 videm

79 3407 127 3474 tm.
171 3411 222 3480 ‘Si
252 3416 325 3500 quis
357 3437 472 3482 aurum
503 3415 644 3482 vendens
675 3414 873 3481 orichalcum
905 3435 939 3478 se
971 3416 1065 3498 putet
1083 3427 1107 3476 aa

79 3497 208 3584 rendere,
235 3503 394 3570 indicetne
422 3505 451 3570 ei
478 3505 655 3569 virbonus
679 3501 899 3568 aurumillud
922 3521 992 3567 esse
1022 3519 1066 3563 an
