2542 3950
438 173 513 230 cAP.
533 181 603 230 e-s
639 181 768 241 se-ra.
1042 177 1106 238 421

89 359 177 403 num
204 336 240 401 in
265 357 302 402 re
328 336 459 422 publiea
482 336 717 421 perbacchatus
740 339 791 400 est
814 335 999 419 omniaque,
1027 357 1109 419 quae

91 427 333 508 commoverat,
360 445 439 510 pace
463 429 496 488 et
518 424 586 489 otio
609 424 810 507 resederunt,
838 424 900 488 hoe
927 423 1038 488 ordine
1061 445 1108 488 re·

90 516 236 578 vocante
268 516 366 596 atque
398 512 471 596 ipsa
497 533 532 576 re
558 512 691 598 publiea
718 532 816 578 manu
843 511 1029 576 retrahente
1057 533 1108 576 me

91 601 229 667 reverti.
265 599 328 676 Qui
350 600 432 664 mihi
454 599 532 684 dies,
555 600 583 666 si
606 622 679 666 eum
698 601 787 666 omni
806 600 932 684 reliqua
948 600 1017 664 vita
1036 621 1109 664 con-

62 689 233 772 aferatur,
257 688 365 753 animo
389 688 518 772 quidem
542 710 613 754 meo
637 693 777 774 superet,
798 710 872 754 oum
890 687 1032 752 universi
1048 709 1108 752 vos

93 775 486 862 populusque-Romanus
504 776 656 861 frequens
675 777 816 844 adventu
834 797 906 841 meo
923 776 1108 862 gratulatus

95 869 165 948 est3
191 864 277 929 tenti
300 886 365 948 me,
391 865 554 951 fugacem,
581 864 839 930 mercennarium
860 868 1049 949 patronum,
1074 863 1108 928 hi

96 953 363 1018 aestimaverunt.
399 950 513 1037 Neque
530 953 660 1018 hercule
679 953 797 1018 mirum
816 956 875 1036 est,
899 953 926 1017 ri
947 973 1008 1038 ego
1028 957 1108 1016 s'em-
1126 933 1159 1058 {tl

95 1063 158 1126 per
185 1041 288 1105 iustas
316 1040 460 1105 omnium
477 1041 653 1106 'amicitias
684 1041 889 1107 existimavi.'
920 1039 997 1105 Non
1022 1041 1108 1106 enim

54 1147 81 1186 ιο
96 1129 157 1192 nni
183 1128 338 1212 privatim
366 1127 538 1194 armillatus
567 1149 640 1193 sum
671 1151 774 1213 neque
806 1151 859 1193 me
890 1129 1011 1211 addixi,
1043 1129 1109 1213 sed,

97 1220 259 1300 quantum
286 1216 422 1300 quisque
448 1217 495 1281 rei
522 1217 671 1302 publicae
699 1217 836 1300 studuit,
867 1221 997 1282 tantum
1028 1215 1109 1281 mihi

96 1303 163 1368 fuit
186 1308 243 1369 aut
266 1303 389 1370 amiens
407 1309 465 1369 aut
487 1305 700 1372 adversarius.
735 1305 808 1391 Ego
826 1305 908 1369 nihil
926 1305 1000 1389 plus
1019 1305 1110 1370 volni

98 1393 210 1456 valere
232 1412 329 1476 qnam
353 1412 475 1477 paoem,
498 1393 594 1458 multi
610 1385 820 1477 ‘privatorum
839 1393 989 1458 audacias
1008 1393 1109 1457 nutri·

98 1483 230 1563 verunt3
262 1497 323 1565 ego
350 1481 433 1544 nihil
461 1481 556 1545 timui
582 1481 647 1545 nisi
673 1482 777 1566 leges,
809 1480 905 1545 multi
933 1501 1023 1545 arma
1051 1503 1110 1546 sua

59 1584 84 1625 1⁵
98 1567 210 1632 timeri
231 1568 419 1652 voluerunt3
441 1590 502 1654 ego
520 1590 697 1653 numquam
715 1569 805 1634 volui
824 1569 995 1653 quiequam
1012 1590 1109 1654 posse

98 1655 164 1720 nisi
185 1676 245 1740 pro
268 1656 377 1738 vobis,
403 1657 501 1721 multi
528 1677 567 1721 ex
593 1657 687 1722 vobis
713 1657 863 1741 potentia
887 1657 964 1721 freti
990 1657 1026 1721 in
1049 1679 1109 1722 vos

100 1743 168 1808 suis
194 1743 319 1807 viribus
348 1744 442 1808 abusi
469 1749 553 1808 sunt.
597 1744 714 1828 ltaque
739 1767 805 1811 non
835 1749 885 1808 eat
917 1745 1049 1828 mirum,
1081 1745 1109 1810 si

98 1831 222 1896 nullius
259 1829 403 1895 amicitia
439 1853 516 1895 usus
553 1853 640 1914 sum,
681 1832 737 1916 qui
772 1853 839 1896 non
873 1836 1030 1918 perpetuo
1061 1833 1109 1898 rei

99 1919 249 2004 publicae
282 1918 405 1983 amiens
436 1919 507 1983 fuit.
561 1918 675 2003 Neque
707 1941 758 1984 me
790 1920 953 2004 paenitet,
989 1921 1018 1985 si
1052 1925 1108 1985 aut
1128 1937 1161 1986 12

60 2024 87 2065 '⁰
100 2005 1022 2181 stultusssszssssluluis
1043 2013 1109 2162 ll

100 2182 176 2267 pavi
203 2186 261 2246 aut
287 2183 464 2247 virtutibus
488 2181 636 2248 Caesaris
663 2183 738 2248 favi.
783 2181 855 2248 Hae
884 2184 969 2248 enim
996 2185 1109 2250 laudes

101 2269 251 2354 egregiae
269 2270 348 2335 einis
367 2275 401 2334 et
419 2271 531 2336 unicae
551 2275 640 2354 sunt3
663 2271 792 2355 quaesi
815 2276 852 2336 tu
870 2272 952 2337 mihi
971 2277 1009 2337 ut
1026 2273 1108 2338 vitia

101 2357 215 2440 obicis,
247 2358 416 2422 temeritas
447 2362 505 2422 tua
534 2359 799 2443 reprehendetur,
830 2381 897 2424 non
928 2382 1001 2424 mea
1027 2361 1110 2426 vitia

61 2462 89 2504 rs
103 2445 327 2530 culpabuntur.
363 2444 463 2510 Plura
484 2445 630 2529 dicerem,
654 2446 683 2510 si
705 2446 790 2532 apud
814 2447 896 2512 alios
919 2447 1000 2512 mihi
1023 2453 1110 2513 esset

103 2533 337 2616 disserendum,
363 2537 474 2618 patrea
502 2533 676 2618 conscripti
682 2582 692 2617 ,
717 2555 784 2598 non
811 2534 897 2619 apud
923 2557 997 2619 vos,
1028 2558 1109 2620 quos

101 2621 200 2686 habui
222 2622 367 2686 omnium
390 2643 535 2686 mearum
558 2621 721 2686 sationum
744 2623 931 2691 monitores.
968 2621 1030 2688 Sed
1052 2625 1110 2690 ubi

102 2731 207 2774 rernm
230 2709 420 2774 testimonia
443 2709 574 2791 adsunt,
598 2709 676 2792 quid
698 2730 779 2794 opus
803 2714 862 2774 est.
876 2711 1006 2776 verbis?

165 2795 268 2882 Nune,
291 2802 330 2862 ut
352 2798 393 2862 ad
416 2801 448 2862 te
471 2799 625 2880 revertar,
649 2795 780 2880 Salusti,
803 2801 993 2882 patremque
1015 2803 1108 2865 tuum
1127 2780 1161 2906 ᾗ

62 2904 90 2946 ao
102 2889 311 2971 praeteream,
334 2886 390 2970 qui
413 2885 441 2948 si
464 2907 640 2969 numquam
663 2885 698 2950 in
720 2885 789 2951 vita
808 2906 867 2950 sua
884 2887 1038 2972 peccavit,
1060 2892 1108 2954 ta·

103 2995 174 3038 men
196 2973 353 3038 maiorem
375 2973 527 3037 iniuriam
550 2973 765 3058 reipublicae
783 2971 889 3038 faeere
907 2978 1050 3058 nonpot
1074 2976 1108 3059 't,

53 3079 59 3092 ’
104 3083 198 3146 qnam
220 3061 307 3146 quod
329 3064 363 3124 te
385 3061 487 3125 talem
509 3060 613 3125 filium
636 3061 763 3147 genuit,
789 3083 906 3146 neque,
933 3066 970 3126 tn
994 3063 1022 3126 si
1045 3086 1110 3148 qua

102 3149 296 3233 inpueritie
318 3148 474 3234 peccasti,
502 3169 671 3233 exsequar,
695 3171 735 3214 ne
759 3152 927 3235 parentem
949 3153 1042 3215 tuum
1064 3152 1109 3220 vi·

103 3237 176 3302 dear
194 3259 354 3321 auersere,
373 3237 429 3321 qui
447 3258 485 3301 eo
504 3239 650 3321 tempore
669 3259 829 3302 summam
847 3237 897 3302 tui
910 3240 1109 3321 potestatem
1229 3252 1232 3255 '

63 3325 223 3409 rehabuit,
246 3324 304 3389 sed
327 3325 456 3409 qualem
480 3323 731 3390 adolescentiam
754 3326 873 3412 egeris;
895 3325 957 3391 hae
980 3326 1110 3394 demon·

104 3417 204 3478 strata
226 3412 322 3479 facile
344 3413 563 3498 intellegetur,
586 3435 683 3496 quam
701 3413 864 3498 petulanti
880 3413 1022 3499 pueritia
1040 3418 1109 3482 um

102 3501 279 3592 impudicus
293 3505 327 3568 et
345 3522 465 3591 procax
484 3500 672 3570 adoleveris.
699 3501 918 3589 Posteaquam
932 3502 1108 3570 immensae
