2504 3950
162 199 226 264 144
399 197 492 252 CATO
510 197 628 252 MAIOR
645 197 695 252 ΒΕ
714 195 926 252 sessorum

159 365 197 427 ut
219 361 406 426 reficiantur
427 357 523 443 vires,
544 379 611 424 non
632 358 867 444 opprimantur.
908 355 976 422 Nee
999 379 1076 423 vero
1102 379 1171 424 eor·

160 449 233 535 pori
256 449 362 514 solum
385 447 638 513 subueniendum
661 449 721 531 est,
737 445 799 512 'sed
822 445 924 510 menti
943 448 1040 529 atque
1060 445 1170 511 animo

160 537 265 602 multo
287 536 408 622 magis3
430 557 507 600 nam
527 536 607 600 haec
626 555 762 620 quoque,
783 534 848 599 nisi
866 537 1035 618 tamquam
1053 534 1172 599 lumini

161 625 269 690 oleum
294 625 449 707 instilles,
482 623 714 709 extinguuntur
742 625 914 687 senectute.
958 620 1003 686 Et
1031 642 1172 706 corpora

161 713 289 798 quidem
300 712 566 778 exercitationum
575 710 807 798 defatigatione
815 711 1055 794 ingravescunt,
1070 710 1172 774 animi
1196 727 1207 768 s

161 805 270 868 autem
300 801 474 866 exercendo
506 802 665 865 levantur.
709 797 796 864 Nam
828 819 909 882 quos
939 798 987 862 ait
1010 795 1172 864 Caecilius

162 889 344 956 ‘comicos
371 888 517 953 stultos
547 885 682 971 senes’,
714 888 775 951 hos
811 886 975 972 significat
1010 887 1172 971 credulos,

162 977 352 1060 obliviosos,
376 975 565 1059 dissolutos,
589 996 671 1058 quae
694 975 774 1039 vitia
797 977 873 1039 sunt
895 995 962 1040 non
984 976 1172 1058 senectutis,

161 1064 218 1128 sed
236 1063 359 1147 inertis,
377 1064 523 1148 ignavae,
543 1063 780 1129 somniculosae
798 1061 982 1128 senectutis.
1015 1061 1064 1128 Ut
1082 1068 1173 1148 petu-

161 1151 274 1236 lantia,
293 1156 330 1216 ut
348 1151 450 1216 libido
468 1151 573 1237 magis
592 1154 643 1215 est
661 1150 915 1216 adulescentium
933 1169 1208 1236 qusmsenum,1⁰

160 1261 220 1306 nec
242 1243 353 1305 tamen
376 1240 519 1305 omnium
540 1239 802 1320 adulescentium,
826 1238 882 1303 sed
899 1259 966 1304 non
982 1239 1174 1323 proborum,

163 1329 209 1394 sie
226 1328 293 1394 ista
310 1328 422 1394 senilis
445 1328 596 1411 stultitia,
620 1349 701 1412 quae
724 1326 874 1392 deliratio
892 1326 1054 1410 appellari
1078 1329 1174 1410 solet,

109 1433 142 1482 37
163 1439 275 1482 senum
302 1416 425 1482 levium
451 1419 523 1499 est„
540 1435 608 1480 non
634 1415 786 1481 omnium.
832 1413 993 1490 Quattuor
1015 1415 1173 1480 robustos

162 1505 258 1588 filios,
281 1505 421 1589 quinque
444 1504 538 1587 filias,
561 1507 689 1568 tantam
708 1503 848 1586 domum,
870 1505 982 1567 tentas
1000 1502 1173 1569 clientelas

162 1592 289 1677 Appius
304 1592 438 1676 regebat
456 1593 489 1654 et
507 1611 620 1656 caecus
639 1594 672 1655 et
691 1611 801 1673 senex3
818 1591 981 1655 intentum
998 1590 1087 1655 enirn
1107 1593 1173 1656 ani·
1186 1603 1207 1645 ¹⁵

162 1701 251 1744 mum
279 1683 446 1762 tamquam
474 1699 584 1744 areum
611 1678 755 1744 habebat
782 1700 841 1745 nec
866 1679 1080 1765 languescens
1104 1701 1174 1746 suc

162 1767 335 1832 cumbebat
358 1768 530 1850 senectuti3
555 1767 688 1832 tenebat
714 1787 781 1832 non
808 1766 904 1832 modo
932 1767 1172 1850 auctoritatem,

162 1854 218 1919 sed
241 1855 341 1921 etiam
362 1855 535 1941 imperium
560 1856 595 1920 in
622 1877 711 1938 suos,
738 1855 928 1920 metuebant
955 1855 1054 1939 servi,
1084 1877 1173 1922 vere
1240 1915 1241 1918 ,

162 1944 281 2009 bantur
303 1944 406 2028 liberi,
428 1965 539 2010 aarum
562 1965 673 2009 omnes
687 1943 876 2027 ·habebant;
898 1941 1032 2028 vigebat
1053 1942 1091 2007 in
1113 1944 1173 2009 illa
1240 1923 1241 1965 ¹

110 2047 143 2098 38
162 2032 258 2096 domo
285 2033 412 2116 patrius
439 2054 510 2097 mos
538 2036 571 2097 et
600 2031 778 2116 disciplina.
824 2031 876 2096 Ita
903 2031 988 2096 enim
1020 2036 1171 2097 senectus
1184 2043 1206 2086 ²⁶
1239 2016 1240 2078 i

161 2120 299 2184 honesta
322 2122 384 2202 est,
412 2119 441 2182 si
463 2119 592 2202 seipse
615 2118 770 2204 defendit,
801 2120 830 2185 si
851 2120 901 2186 ius
925 2141 1019 2184 suum
1041 2119 1172 2203 retinet,
1238 2135 1239 2191 l

162 2206 190 2268 si
212 2206 335 2270 nemini
357 2206 561 2290 emancipata
583 2210 643 2290 est,
665 2208 694 2272 si
716 2229 818 2292 usque
841 2206 883 2274 ad
904 2208 1058 2272 ultimum
1078 2209 1172 2294 spiri·
1237 2241 1238 2303 q

161 2296 232 2357 tum
259 2292 445 2358 dominatur
470 2294 505 2357 in
532 2315 617 2360 suos.
661 2294 708 2361 Ut
735 2295 822 2362 enim
851 2295 1106 2381 adulescentem,
1136 2296 1172 2361 in

161 2402 225 2465 quo
249 2384 300 2445 est
322 2380 423 2446 senile
445 2381 581 2467 aliquid,
609 2383 654 2450 sie
678 2405 801 2468 senem,
827 2384 948 2468 inquo
972 2387 1022 2448 est
1045 2384 1171 2470 aliquid
1236 2339 1237 2418 i

162 2468 385 2552 adulescentis,
407 2470 525 2554 prob03
548 2471 634 2556 quod
659 2473 714 2556 qui
738 2471 892 2556 sequitur,
915 2491 1050 2557 corpore
1074 2493 1170 2539 senex
1183 2485 1205 2527 ²⁵

161 2577 232 2621 esse
264 2557 397 2642 poterit,
429 2558 537 2624 animo
569 2581 746 2643 numquam
777 2560 847 2624 erit.
893 2556 1058 2646 Septimus
1089 2561 1170 2626 mihi

160 2644 245 2710 liber
276 2644 446 2731 Originum
477 2651 528 2711 est
558 2648 594 2712 in
625 2647 788 2731 manibus,
820 2648 930 2713 omnia
961 2647 1169 2733 antiquitatis

161 2738 370 2800 monumenta
388 2734 517 2820 colligo,
540 2757 710 2801 causarum
730 2735 927 2819 inlustrium,
951 2757 1169 2822 quascumque

161 2822 297 2906 defendi,
314 2845 399 2888 nunc
412 2845 486 2888 cum
500 2823 639 2890 maxime
654 2823 788 2890 conficio
806 2824 979 2908 orationes,
998 2824 1049 2889 ius
1069 2847 1169 2910 augu-

161 2909 255 2990 rium,
277 2910 487 2995 pontificium,
510 2911 605 2977 civile
622 2916 738 2997 tracto,
761 2913 901 2977 multum
919 2912 1018 2976 etiam
1037 2910 1170 2978 Graecis
1182 2926 1205 2966 ω

161 2996 282 3060 litteris
295 3000 371 3063 utor
382 2997 725 3084 Pythagoreorumque
739 3020 828 3065 more
843 2999 1037 3065 exercendae
1051 3021 1171 3067 memo

161 3084 228 3150 riae
243 3085 359 3171 gratia,
378 3086 455 3170 quid
473 3107 601 3171 quoque
620 3087 671 3152 die
689 3088 834 3172 dixerim,
853 3087 1018 3172 audierim,
1036 3090 1170 3176 egerim,

161 3193 378 3240 commemoro
397 3174 532 3258 vesperi.
569 3174 659 3240 Haec
678 3180 753 3241 sunt
772 3175 1019 3242 exercitationes
1038 3177 1171 3263 ingenii,

160 3258 241 3324 haec
257 3261 415 3326 curricula
433 3262 560 3346 mentis,
578 3263 614 3327 in
631 3262 683 3328 his
702 3263 862 3329 desudans
881 3268 979 3349 atque
997 3264 1170 3330 elaborans

161 3347 305 3428 eorporis
319 3348 405 3412 vires
416 3369 483 3414 non
493 3371 612 3436 magno
622 3373 719 3436 opere
733 3352 889 3418 desidero.
908 3351 1033 3417 Adsum
1048 3353 1171 3436 amicis,
1183 3364 1205 3407 ³⁵

160 3431 254 3496 venio
273 3433 308 3495 in
325 3439 474 3500 senatum
492 3436 643 3522 frequens
662 3439 814 3524 ultroque
833 3439 943 3506 adfero
962 3461 1014 3504 res
1028 3441 1170 3506 multum

161 3522 194 3584 et
213 3517 267 3582 diu
285 3519 446 3606 cogitatas
465 3545 582 3608 sesque
601 3529 695 3592 tueor
707 3528 824 3613 animi,
845 3549 912 3594 non
930 3527 1077 3613 corporis
1094 3529 1170 3594 viri·
