2512 3932
72 149 76 156 ’
150 191 174 254 4
536 180 760 248 suscensus

150 348 330 430 solitatem
356 344 452 412 fortis
480 365 556 412 vero
580 343 911 412 doloremsummum
933 341 1057 413 molum
1079 340 1160 408 iudi·

150 457 227 502 cans
252 437 309 500 aut
330 437 517 518 temperans
538 431 741 515 uoluptatem
765 451 927 500 summum
949 430 1073 504 bonum
1095 433 1160 494 sta·
1245 445 1246 490 ῑ

116 527 245 590 otuens
269 541 340 588 esse
363 524 449 588 certa
469 519 563 588 nullo
582 518 679 588 modo
697 521 817 603 potest.
853 516 942 593 Quos
960 538 1159 602 quamquam

151 612 199 676 ita
221 613 299 677 sunt
323 609 359 676 in
386 611 554 694 promptu,
583 610 620 675 ut
648 627 700 677 res
723 605 942 691 disputatione
964 625 1031 676 nou
1044 608 1159 690 egeat,
1245 659 1246 694 ¹

150 703 273 765 lamen
289 701 364 764 sunt
392 695 527 762 anobis
555 695 620 762 alio
648 694 719 764 loco
747 693 923 778 disputata.
967 691 1039 766 Hae
1066 689 1197 760 disci-s
1245 699 1246 710 ¹

149 787 258 872 plinus
276 785 379 871 igitur
397 784 426 850 si
443 783 507 852 sibi
525 785 759 851 consentaneae
777 781 879 860 uelint
896 801 977 864 osse,
993 781 1032 844 de
1049 781 1159 849 officio

149 875 234 940 nihil
256 877 376 958 queant
399 871 518 960 dicem,
538 891 642 954 noque
660 870 730 938 ulla
748 867 847 937 officii
864 872 1041 954 praecepta
1054 869 1158 953 fissae,

151 961 296 1044 stabilia,
326 959 498 1028 coniuncta
518 962 669 1029 nunnae
681 957 770 1030 tradi
789 961 927 1042 possunt
948 956 1013 1022 nisi
1036 960 1094 1024 aut
1117 958 1157 1024 ab

150 1050 205 1134 iis,
233 1048 289 1132 qui
316 1048 436 1130 solam,
462 1049 519 1122 aut
546 1047 590 1114 ab
615 1046 672 1129 iis,
702 1045 759 1129 qui
785 1044 924 1119 manime
950 1045 1157 1116 honestatem

149 1140 284 1223 propter
313 1157 348 1202 se
380 1135 488 1202 dicent
521 1133 741 1218 expetendam..
790 1131 844 1201 Ita
874 1133 1007 1217 proprie
1038 1137 1091 1206 est¹
1121 1155 1158 1200 ea
1172 1151 1197 1192 1⁰

107 1266 109 1269 v
149 1224 335 1310 praeceptio
351 1221 546 1306 Stoicorum,
560 1220 840 1304 Academicorum,
858 1219 1159 1305 Peripateticorum
1245 1259 1246 1312 p

151 1311 305 1397 quoniam
336 1309 515 1394 Aristonis,
538 1309 730 1393 Pyrrhonis,
751 1308 849 1377 Erilli
870 1308 937 1378 iam
958 1308 1084 1393 pridem
1107 1331 1158 1374 ex·
1245 1315 1246 1405 l

149 1401 245 1486 plosa
267 1398 429 1467 sententia
451 1402 514 1482 est3
536 1397 595 1481 qui·
609 1401 721 1467 tamen
737 1395 895 1466 haberent
912 1396 963 1465 ius
982 1415 1077 1468 suum
1096 1397 1157 1465 dis·
1245 1413 1246 1494 ἦ

149 1487 286 1574 putandi
318 1487 356 1553 de
384 1484 504 1568 officio,
532 1485 560 1550 si
591 1505 700 1553 rarum
732 1484 874 1569 aliquem
900 1485 1055 1556 dilectum
1084 1485 1157 1550 roli-
1245 1497 1246 1564 l

150 1575 310 1660 quissent,
337 1578 375 1642 ut
402 1574 442 1640 ad
470 1573 570 1641 officii
590 1572 810 1644 msenuonem
833 1572 940 1641 aditus
964 1577 1058 1641 esset.
1105 1571 1158 1638 Se
1170 1590 1197 1632 1⁵
1245 1581 1246 1656 ᾗ

150 1684 285 1748 quemur
296 1662 401 1746 igitur
414 1661 476 1728 hoc
490 1660 619 1744 quidem
632 1663 780 1746 temporo
798 1663 831 1726 et
844 1659 906 1728 hac
919 1661 955 1726 in
966 1660 1157 1744 quaestione

127 1751 358 1835 ,potissimum
380 1746 507 1818 Stoicos
533 1769 602 1818 non
623 1752 661 1818 ut
682 1749 890 1832 interpretes,
913 1748 982 1832 sed,
1008 1753 1047 1816 ut
1074 1749 1157 1814 sole
1245 1749 1246 1826 ᾗ

150 1845 235 1922 unus,
254 1859 271 1902 e
284 1836 429 1906 fontibus
444 1857 555 1904 comm
568 1836 685 1905 iudicio
700 1835 900 1920 arbitrioque
917 1841 1041 1920 nostro,
1059 1858 1157 1921 quan·
1245 1851 1246 1872 ³

149 1930 221 1992 tum
244 1946 370 2010 quoque
393 1924 488 1993 modo
512 1923 683 2009 videbitur,
704 1923 901 1996 nuntiemus·
975 1967 977 1974 s
1245 1947 1246 1996 ξ

114 2032 129 2080 u
215 2012 328 2080 Placet
348 2013 459 2100 igitur,
482 2013 634 2096 quoniam
657 2012 762 2079 omnis
784 2012 963 2098 disputatio
986 2011 1025 2078 de
1048 2010 1156 2081 officio
1169 2031 1198 2072 sc

148 2101 346 2185 summast,
373 2103 449 2166 ante
476 2099 622 2182 definire,
649 2099 726 2186 quid
749 2099 793 2166 sit
816 2099 1005 2183 officium
1028 2101 1114 2183 quod
1137 2123 1157 2166 a
1245 2117 1246 2160 3

148 2189 305 2256 Panaetio
319 2187 584 2274 praetermissum
602 2207 672 2259 esse
690 2186 799 2258 miror.
831 2187 945 2258 Omnis
959 2189 1054 2271 enim,
1073 2210 1156 2272 quac
1245 2235 1246 2252 l

150 2279 197 2358 [a]
220 2277 347 2344 ratione
371 2274 546 2358 suscipitun
569 2270 607 2342 dc
628 2274 738 2358 aliqua
760 2297 796 2344 rc
818 2274 995 2359 institutio,
1018 2275 1114 2342 debet
1137 2299 1157 2345 u

150 2365 334 2432 definitione
361 2362 535 2447 pnofioisoi‚
561 2365 599 2429 ut
620 2361 845 2449 intellegatur,
867 2363 947 2447 quid
971 2364 1015 2431 sit
1042 2363 1090 2448 id,
1117 2365 1157 2430 do
1245 2429 1246 2442 ἶ

109 2455 213 2536 3quo
236 2453 428 2536 disputetur.
444 2499 451 2514 .
466 2497 495 2516 ..
539 2447 652 2518 Omnis
670 2449 710 2517 de
729 2451 835 2519 officio
855 2451 974 2536 duplex
991 2455 1042 2519 est
1060 2473 1156 2536 quae
1169 2471 1198 2512 2⁵
1245 2451 1246 2456 ’

150 2541 226 2606 stio:
258 2559 359 2607 unum
380 2557 482 2624 genus
506 2540 570 2620 est,
597 2537 684 2622 quod
705 2539 849 2623 pertinet
870 2539 1031 2607 adfinem
1055 2540 1158 2608 bono·
1245 2549 1246 2632 i

148 2649 234 2711 rum,
257 2627 409 2708 alterum,
432 2624 519 2708 quod
536 2625 680 2710 positum
696 2629 749 2694 est
766 2627 801 2691 in
819 2628 1014 2712 praeceptis,
1037 2628 1157 2712 quitus

148 2716 184 2780 in
206 2714 311 2781 omnis
334 2713 438 2798 partis
465 2733 543 2781 usus
570 2713 658 2784 vitae
680 2713 876 2786 conformari
898 2716 1011 2800 possit.
1057 2714 1157 2801 Supe

148 2802 244 2868 rionis
268 2801 395 2888 generis
417 2801 513 2871 huius
537 2801 624 2868 modi
648 2806 724 2869 sunt
747 2803 908 2888 exempla:
936 2804 1086 2871 omniane
1109 2805 1158 2872 of·
1245 2843 1246 2862 η

148 2891 221 2955 ficia
238 2889 383 2978 penfeoto
399 2889 480 2974 sint,
497 2911 583 2960 num.
594 2889 680 2974 quod
699 2889 840 2958 officium
859 2891 948 2959 aliud
966 2892 1031 2958 alio
1049 2893 1157 2964 maius
1172 2912 1199 2954 ao
1245 2891 1246 2904 ¹

148 2978 206 3060 sit,
233 2982 266 3042 et
294 2997 376 3061 quae
403 2982 479 3044 sunt
510 2979 637 3064 generis
669 2977 820 3046 eiusdem.
870 2977 1015 3054 Quorum
1044 2985 1157 3054 autem

149 3065 328 3132 officiorum
356 3069 529 3151 praecepta
554 3066 735 3151 cadmum,
762 3088 801 3131 ea
831 3089 1026 3151 quamquam
1057 3070 1158 3154 perti·

147 3157 225 3220 nent
244 3153 286 3218 ad
303 3153 400 3218 finem
417 3154 591 3238 bonosum,
608 3157 719 3222 tamen
736 3155 843 3223 minus
861 3156 894 3222 id
913 3159 1057 3241 apparet,
1078 3157 1157 3242 quia

147 3241 253 3327 magis
282 3237 323 3306 ad
349 3241 588 3310 institutionem
615 3242 702 3309 vitae
729 3237 907 3311 communis
935 3247 1082 3328 spectaro
1109 3246 1154 3314 vi·

148 3329 276 3412 dentum
309 3328 348 3395 dc
376 3330 492 3413 quibus
519 3333 571 3394 est
596 3329 691 3398 nobis
718 3329 771 3397 his
798 3332 891 3398 libris
919 3332 1156 3418 explicandum.
1170 3349 1197 3392 ⁸⁵
1245 3401 1246 3416 ,

113 3416 257 3500 sAtque
279 3417 379 3484 etiam
402 3417 468 3482 alia
490 3415 605 3484 divisio
629 3421 680 3485 est
703 3417 809 3486 officii.
850 3417 937 3486 Nam
961 3424 994 3483 et
1012 3420 1157 3488 medium

148 3503 308 3588 quoddam
326 3504 469 3572 officium
488 3503 604 3571 dicitur
627 3509 660 3572 et
677 3505 865 3590 perfectum.
900 3506 1084 3575 Perfectum
1107 3509 1158 3579 of*
