2504 3950
151 199 194 266 ‘10
385 244 396 262 ,.
543 197 592 254 ua
612 194 762 253 osricus

149 366 244 430 tanta
266 362 316 427 uir
340 365 404 445 est,
426 362 463 426 ut
485 381 525 426 ne
544 359 595 424 illi
613 359 762 443 quidem,
785 358 841 442 qui
859 356 1018 422 maleficio
1043 359 1078 421 et
1097 379 1166 424 ερο-

149 452 218 516 lere
244 453 431 535 pascuntur,
463 448 590 534 possint
623 447 692 512 sine
724 446 793 512 ulla
824 445 986 530 particula
1013 445 1165 512 iustitiae
1244 457 1245 550 t

149 539 266 606 vivere.
311 536 398 604 Nam
418 537 474 623 qui
496 557 608 602 eorum
626 535 780 619 cuipiam,
800 533 856 618 qui
878 555 943 598 una
966 534 1166 600 latrocinan-

150 631 214 710 tur,
236 626 365 692 furatur
388 620 512 710 aliquid
535 628 592 690 aut
615 623 725 709 eripit,
744 623 772 688 is
792 623 855 688 sibi
873 644 915 686 ne
933 623 968 686 in
986 622 1165 688 latrocinio

151 715 281 800 quidem
309 714 464 799 relinquit
491 714 612 796 looum,
634 712 698 794 ‚ille
726 715 849 795 autem,
877 710 933 794 qui
961 710 1204 797 archipiratas

152 803 279 888 dieitur,
296 803 362 868 nisi
380 801 596 886 aequabiliter
614 800 768 884 praedam
787 799 969 883 dispertiat,
988 803 1046 864 aut
1064 799 1167 866 inter·

150 892 279 958 fioiatur
306 914 327 955 a
358 891 454 956 sooiis
487 893 544 956 aut
576 889 791 972 relinquatur3
827 887 907 970 quin
938 887 1038 952 etiam
1072 889 1165 975 leges

150 981 318 1044 latronum
345 1000 416 1043 esse
443 977 602 1060 dicuntur,
629 977 747 1061 quibus
769 979 920 1061 pareant,
948 997 1030 1059 quas
1054 977 1166 1040 obser·

151 1071 237 1132 vent.
269 1065 384 1149 Itaque
407 1070 542 1151 propter
561 1063 763 1149 aequabilem
786 1064 925 1148 praedae
947 1064 1167 1148 partitionem

151 1159 185 1220 et
207 1151 359 1220 Bardulis
381 1153 515 1238 Illyrius
538 1155 633 1236 latro,
657 1153 696 1217 de
719 1174 783 1238 quo
807 1155 857 1216 est
879 1152 966 1236 apud
979 1150 1166 1237 Theopom·
1180 1171 1203 1210 ¹⁰

150 1265 243 1329 pum,
266 1264 403 1330 magnas
425 1263 503 1327 opes
521 1241 638 1306 habuit
661 1246 695 1305 et
713 1241 817 1306 multo
836 1240 975 1305 maiores
989 1238 1165 1308 Viriathus

150 1331 342 1416 Lusitanus3
364 1331 416 1396 eui
438 1331 568 1415 quidem
591 1329 692 1396 etiam
714 1329 874 1394 exereitus
897 1329 1003 1394 nostri
1021 1329 1166 1414 impera—

151 1424 304 1506 toresque
332 1423 510 1502 cesserunt3
539 1439 635 1502 quem
662 1416 697 1484 O.
720 1416 864 1500 Laelius,
891 1417 920 1481 is
944 1418 1001 1501 qui
1024 1415 1165 1503 Sapiens

151 1513 340 1594 usurpatur,
359 1512 491 1592 praetor
509 1507 609 1592 fregit
633 1509 666 1570 et
684 1505 874 1572 comminuit
892 1505 1166 1590 serenitatemque

152 1597 221 1662 eius
248 1598 297 1662 ita
321 1595 490 1679 repressit,
518 1598 555 1658 ut
580 1593 677 1658 faoile
704 1593 827 1660 bellum
849 1593 983 1678 reliquis
1006 1594 1165 1660 traderet.
1179 1610 1201 1652 1⁵

152 1683 235 1750 Cum
257 1684 360 1769 igitur
382 1686 477 1749 tanta
497 1682 547 1747 vis
569 1682 715 1748 iustitiae
740 1682 792 1764 sit,
815 1685 851 1747 ut
875 1703 913 1746 ea
936 1682 1036 1747 etiam
1061 1683 1166 1748 latro-

151 1793 231 1836 num
249 1793 327 1855 opes
344 1771 453 1836 firmet
471 1773 569 1854 atque
589 1772 721 1855 augeat,
736 1772 892 1852 quantam
906 1770 974 1834 eius
989 1771 1057 1834 vim
1076 1771 1167 1836 inter

100 1905 141 1969 ,2
152 1860 242 1946 leges
266 1863 299 1924 et
322 1859 440 1924 iudieia
463 1863 496 1923 et
515 1859 550 1924 in
573 1858 756 1924 constituta
770 1880 806 1922 re
823 1857 955 1941 publiea
977 1857 1047 1922 iore
1066 1863 1165 1943 puta·

99 1983 131 2032 41
152 1949 246 2014 mus?
291 1947 374 2014 Mihi
402 1947 532 2031 quidem
559 1968 625 2012 non
652 1946 738 2030 apud
760 1945 872 2013 Medos
891 1945 1021 2029 solum,
1049 1950 1088 2010 ut
1116 1947 1164 2012 ait

149 2037 350 2120 Herodotus,
378 2035 559 2101 sedetiam
584 2033 671 2120 apud
691 2035 989 2102 maioresnostros
1013 2034 1199 2100 iustitias
1244 2099 1245 2114 ,

150 2124 304 2190 fruendae
327 2145 426 2190 eausa
448 2123 599 2188 videntur
621 2122 702 2186 olim
723 2123 806 2187 bene
829 2122 948 2186 morati
972 2143 1066 2208 reges
1086 2146 1164 2189 oon·
1244 2123 1245 2177 l

151 2212 268 2276 stituti.
303 2209 391 2274 Nam
405 2231 478 2275 eum
501 2214 702 2294 premeretur
724 2210 819 2295 inops
843 2211 1020 2275 multitudo
1044 2212 1086 2279 ab
1111 2213 1163 2297 iis,

151 2299 207 2383 qui
225 2299 364 2364 maiores
379 2319 456 2383 opes
474 2296 650 2382 habebant,
664 2298 704 2362 ad
717 2320 818 2362 unum
832 2298 974 2383 aliquem
993 2299 1163 2386 confugie-

149 2386 230 2452 bant
252 2387 374 2452 rirtute
397 2389 634 2470 praestantem3
658 2386 715 2469 qui
737 2408 811 2452 oum
833 2387 1022 2472 prohiberet
1040 2387 1163 2453 iniuria

149 2475 328 2558 tenuiores,
350 2473 513 2557 aequitate
536 2473 763 2539 constituenda
781 2496 927 2540 summos
945 2497 1018 2540 eum
1036 2475 1161 2560 infimis
1176 2491 1198 2534 a

149 2563 221 2647 pari
239 2562 307 2627 iure
326 2561 497 2628 retinebat.
527 2560 715 2646 Eademque
732 2563 1031 2630 constituendarum
1049 2564 1162 2651 legum

99 2666 130 2716 42
149 2650 212 2717 fuit
235 2672 345 2735 eausa,
374 2671 457 2734 quae
484 2670 607 2736 regum.
651 2649 709 2716 Ius
730 2650 816 2716 enim
839 2671 966 2736 semper
989 2655 1040 2716 est
1064 2673 1162 2736 quae·

151 2739 251 2804 situm
279 2739 463 2823 aequabile,
489 2739 707 2822 nequeenim
734 2739 830 2804 aliter
856 2739 1025 2804 essetius.
1070 2739 1110 2805 Id
1133 2742 1163 2804 si

150 2829 192 2894 ab
215 2849 279 2892 uno
307 2829 394 2895 iusto
423 2831 456 2894 et
483 2827 569 2892 bono
596 2827 667 2892 viro
690 2827 981 2911 consequebantur,
1004 2832 1099 2893 erant
1121 2842 1161 2894 'eo

150 2915 309 2999 eontenti3
345 2938 419 2984 oum
449 2915 484 2983 id
510 2915 616 2980 minus
644 2915 860 3000 contingeret,
892 2915 982 3002 leges
1011 2919 1087 2980 sunt
1114 2916 1162 2980 in·
1175 2930 1198 2972 ³⁰

149 3007 279 3086 ventae,
307 3025 390 3087 quae
417 3024 491 3070 oum
514 3003 664 3068 omnibus
688 3024 816 3086 semper
838 3025 903 3073 una
927 3007 1024 3087 atque
1047 3002 1162 3068 eadem

149 3114 229 3158 voce
251 3092 470 3176 loquerentur.
514 3089 604 3176 Ergo
632 3091 694 3157 hoo
718 3091 847 3174 quidem
869 3092 1077 3175 perspicuum
1100 3095 1162 3174 est,

150 3201 205 3245 eos
229 3180 271 3244 ad
291 3179 516 3265 imperandum
540 3178 641 3264 deligi
664 3178 793 3263 solitos,
811 3200 950 3262 quorum
971 3178 1010 3244 de
1032 3179 1163 3250 iustitia

149 3287 271 3351 magna
293 3272 380 3332 esset
407 3267 517 3352 opinio
545 3267 773 3332 multitudinis.
817 3267 981 3332 Adiunoto
1004 3288 1096 3350 vero,
1124 3271 1163 3334 ut
1244 3283 1245 3342 l

147 3352 235 3418 idem
267 3354 366 3418 etiam
397 3355 572 3439 prudentes
604 3355 817 3438 haberentur,
849 3355 933 3420 nihil
960 3359 1044 3439 erat,
1072 3355 1198 3438 quod&

148 3440 298 3508 homines
321 3440 368 3504 iis
385 3441 572 3508 auctoribus
594 3463 661 3509 non
683 3464 779 3527 posse
798 3442 951 3524 consequi
971 3464 1005 3508 se
1023 3443 1162 3509 arbitra-

149 3533 271 3594 rentur.
318 3525 414 3596 Omni
436 3529 539 3613 igitur
562 3530 689 3596 ratione
707 3529 842 3600 eoleuda
865 3533 898 3594 et
921 3530 1090 3597 retinenda
1113 3532 1163 3598 iu-
