2578 3950
447 158 522 216 cAP.
543 165 656 216 ae-ae.
689 165 835 226 sao-es.
882 206 886 216 .
1081 162 1144 228 193

2 332 3 374 ῑ
135 341 284 388 severum
307 322 340 386 et
363 341 504 406 gravem.
537 319 660 401 Quibus
679 322 848 389 blanditiis
868 321 902 389 O.
919 321 1068 408 Papirius
1087 345 1142 389 nu·
1162 341 1196 390 96

133 431 193 494 per
214 407 372 474 influebat
394 408 429 478 in
453 409 540 479 auris
564 409 733 495 contionis,
756 431 829 476 cum
851 411 952 476 ferret
976 412 1081 497 legem
1105 413 1144 491 de

134 496 275 565 tribunis
299 496 404 582 plebis
427 497 619 564 reficiendis!
643 498 866 564 Dissuasimus
889 521 963 582 n0s3
987 500 1043 564 sed
1060 499 1143 566 nihil

135 586 174 650 de
198 607 259 668 me,
282 586 320 649 de
344 582 493 668 Scipione
517 586 622 652 dicam
644 587 818 654 lubentius.
864 586 993 670 Quanta
1016 588 1087 673 illa,
1111 589 1144 653 di

107 673 340 754 sinmortaleS,
362 672 426 738 fuit
439 673 599 758 gravitaS,
614 678 736 759 quanta
753 675 788 740 in
806 676 952 742 oratione
972 677 1142 742 maiestas!

134 765 172 827 ut
194 761 290 826 facile
313 760 426 830 ducem
449 763 561 849 populi
584 762 733 847 Romani,
755 786 820 829 non
841 765 993 829 comitem
1013 765 1142 830 diceres.

134 848 199 914 Sed
226 848 392 932 adfuistis,
424 853 458 920 a
485 855 535 916 cst
563 851 598 916 iu
625 852 774 916 manibus
793 853 909 918 oratio.
954 851 1068 936 Itaque
1092 854 1143 918 lex

134 937 304 1025 popularis
328 937 492 1024 suffragiis
522 939 636 1041 populi
659 940 829 1028 repudiata
852 945 911 1006 est.
956 941 1079 1042 Atque,
1101 945 1143 1042 'ut

135 1025 177 1126 ad
200 1047 251 1092 me
274 1026 413 1110 redeam,
430 1032 639 1129 'memmrstra
662 1028 698 1104 Q.
712 1028 874 1113 Maxume,
896 1028 999 1094 fratre
1023 1026 1142 1116 Serpro·

94 1141 121 1182 ¹⁰
133 1114 522 1272 ttfftlrtttttt
524 1117 652 1270 ‘llll
654 1117 1142 1290 ttltttttlttllat

8 1351 12 1358 .
134 1291 347 1377 collegiorum
361 1291 402 1360 ad
416 1291 530 1377 populi
548 1291 737 1360 beneficium
753 1291 1025 1378 transferebatur3
1045 1298 1141 1377 atque

133 1381 162 1445 is
187 1380 310 1466 primus
334 1380 478 1448 inst'tuit
496 1381 531 1448 in
549 1379 655 1446 sorum
672 1401 785 1452 versus
805 1401 900 1466 agere
919 1403 993 1450 oum
1010 1383 1141 1466 popule.

1 1517 12 1550 ,.
134 1467 258 1536 Tamen
280 1467 368 1535 illius
392 1468 587 1540 vendibilem
611 1469 792 1538 orationem
810 1469 925 1554 religio
945 1468 1077 1537 deorum
1095 1469 1141 1534 in·

94 1582 120 1624 15
134 1556 323 1622 mortalium
345 1556 440 1623 nobis
464 1557 708 1628 defendentibus
726 1557 822 1623 facile
839 1557 999 1624 vincebat.
1033 1557 1141 1641 Atque

133 1645 167 1710 id
191 1647 299 1710 actum
327 1649 378 1712 est
409 1648 559 1730 praetore
586 1667 638 1712 me
670 1645 889 1732 quinquennio
922 1649 1011 1730 ante,
1043 1668 1140 1729 quam

134 1735 247 1802 consul
271 1755 341 1801 sum
364 1732 484 1816 factus,
506 1734 555 1802 ita
577 1755 612 1806 re
635 1735 740 1820 magis
764 1756 861 1819 quam
884 1755 1011 1804 summa
1034 1739 1141 1802 aucto·

133 1823 232 1892 ritate
255 1843 353 1892 causa
375 1821 434 1886 illa
458 1821 589 1892 defensa
612 1826 672 1890 est.

201 1907 323 1986 Quodsi
345 1911 379 1976 in
402 1931 528 1994 scaeua,
549 1910 652 1974 idest
674 1911 709 1974 in
729 1910 887 1994 contione,
909 1908 945 1974 in
963 1931 1026 1993 qna
1044 1869 1193 1996 rebusiss

94 2025 120 2066 ao
134 1998 219 2064 fietis
243 2002 276 2062 et
300 1998 500 2063 adumbratis
524 1997 587 2063 loci
609 1997 784 2082 plurimum
808 2000 872 2082 est,
894 2001 1141 2068 tamen‘verum

2 2085 3 2092 '
134 2087 232 2170 valet,
256 2085 402 2152 simodo
426 2086 459 2151 id
477 2085 677 2172 patefactum
701 2090 733 2152 et
756 2086 966 2153 inlustratum
986 2089 1045 2170 est,
1065 2086 1141 2170 quid

134 2175 168 2240 in
192 2174 335 2242 amicitia
357 2175 428 2240 fieri
452 2177 591 2260 oportet,
614 2196 695 2259 quae
718 2177 791 2240 tota
812 2175 950 2240 veritate
975 2174 1141 2261 perpendi·

134 2263 210 2328 tur?
243 2263 277 2327 in
301 2263 463 2348 quamsi,
490 2267 528 2328 ut
554 2262 685 2343 dicitur,
718 2267 866 2351 apertum
892 2268 1004 2348 pectus
1032 2261 1141 2328 videas

134 2357 290 2436 tuumque
314 2351 480 2435 ostendas,
505 2349 588 2416 nihil
610 2352 725 2433 fidum,
753 2351 836 2416 nihil
860 2351 1063 2436 exploratum
1087 2351 1142 2416 ha·

93 2464 121 2505 aa
134 2439 222 2523 beas,
244 2460 285 2503 ne
307 2461 418 2505 amare
441 2439 569 2523 quidem
593 2443 650 2504 aut
669 2440 782 2523 amari,
799 2462 881 2524 cum,
899 2440 932 2503 id
951 2461 1049 2524 quam
1067 2458 1142 2503 vere

134 2527 202 2611 fiat,
224 2526 363 2613 ignores.
394 2525 596 2611 Quamquam
615 2527 680 2592 ista
695 2527 887 2610 adsentatio,
910 2527 1058 2612 quamvis
1072 2548 1142 2612 per·

134 2615 257 2682 niciosa
285 2615 343 2694 sit,
374 2636 489 2681 nocere
517 2619 628 2679 tamen
652 2615 775 2680 nemini
797 2619 907 2700 potest
933 2615 998 2680 nisi
1020 2614 1063 2699 ei,
1088 2615 1142 2699 qui

135 2725 207 2768 eam
229 2703 344 2788 recipit
367 2707 465 2788 atque
488 2724 527 2768 ea
549 2702 736 2770 delectatur.
772 2703 825 2768 lta
846 2703 898 2786 fit,
920 2707 958 2771 ut
979 2703 1007 2768 is
1033 2702 1143 2766 adsen-

2 2787 3 2864 ζ
134 2791 298 2859 tatoribus
321 2791 497 2877 patefaciat
520 2812 615 2859 aures
638 2811 713 2856 suas
736 2790 884 2870 maxime,
908 2790 963 2874 qui
985 2789 1056 2874 ipse
1080 2790 1143 2856 sibi

107 2879 324 2946 aoadsentetur
351 2882 383 2944 et
411 2901 445 2944 se
473 2879 612 2945 maxime
634 2879 705 2964 ipse
733 2878 878 2945 delectet.
924 2877 1063 2943 Omnino
1091 2881 1142 2943 est
1161 2893 1194 2942 98

2 2995 3 3012 ³
136 2989 249 3034 amans
273 2967 323 3032 sui
345 2967 464 3052 virtus3
487 2971 619 3052 optume
642 2967 728 3032 enim
752 2989 786 3032 sc
808 2967 881 3053 ipsa
902 2966 1008 3050 novit,
1032 2989 1143 3050 quam·

1 3054 9 3108 ,⁸
135 3077 198 3140 que
221 3054 372 3122 amabilis
397 3056 453 3139 sit,
479 3055 651 3141 intellegit.
696 3053 769 3142 Ego
798 3058 907 3122 autem
929 3076 995 3120 non
1020 3055 1058 3119 de
1081 3055 1143 3119 vir·
1222 3100 1230 3113 .

134 3148 206 3208 tute
227 3166 313 3211 nunc
340 3146 471 3229 loquor,
499 3144 554 3208 sed
582 3143 621 3208 de
649 3142 780 3210 virtutis
808 3143 967 3229 opinione.
1012 3141 1143 3206 Virtute

135 3231 221 3298 enim
244 3233 317 3317 ipsa
338 3254 405 3298 non
427 3237 496 3297 tam
524 3232 621 3296 multi
647 3233 787 3316 praediti
818 3254 887 3298 csse
917 3253 1014 3316 quam
1042 3231 1144 3296 videri

94 3344 121 3388 ss
135 3320 259 3386 volunt.
291 3319 361 3387 Hos
386 3321 524 3389 delectat
548 3321 740 3406 adsentatio,
763 3321 814 3385 bis
833 3322 928 3387 fietus
943 3320 984 3385 ad
998 3320 1144 3405 ipsorum

135 3409 338 3475 voluntatem
362 3431 467 3476 sermo
486 3431 558 3476 cum
578 3409 757 3493 adhibetur,
782 3410 961 3476 orationem
980 3409 1071 3474 illam
1091 3431 1138 3472 va·

134 3519 212 3564 nam
234 3499 458 3564 testimonium
482 3519 551 3563 esse
575 3498 706 3564 laudum
730 3520 861 3566 suarum
880 3501 1007 3584 putant.
1044 3495 1138 3562 Nulla

189 3609 244 3652 cro.
257 3611 298 3653 rv.
313 3611 333 3651 a.
899 3608 930 3656 13
977 3649 980 3656 χ
