2570 3944
162 203 229 269 262
553 202 778 259 FRAGMENTA

164 367 343 450 absolutus,
367 367 395 431 si
419 369 476 431 sut
497 365 580 432 illud
601 366 755 431 iudicium
778 369 835 430 sut
857 365 917 430 ills
935 364 1098 431 absolutio
1116 387 1173 431 no-

163 455 317 521 minanda
339 458 397 520 est.

274 543 356 608 Ante
377 563 506 626 annnrn,
528 563 621 626 qnam
643 541 716 608 haee
733 543 912 620 dicerentur,
935 541 1081 625 Catilina,
1104 562 1175 606 cerm

208 633 333 698 redisset
358 653 395 697 aa
416 631 543 713 Africo,
573 632 727 714 Torquato
754 635 783 695 et
803 629 893 696 Cotta
919 651 991 696 cess
1013 635 1175 696 causare

208 725 253 786 est
273 720 511 804 repetundarum
533 740 554 784 a
576 718 613 784 P.
636 718 743 785 Clodio
765 719 963 802 adelmund,
992 720 1046 801 qai
1069 723 1175 801 postea
1201 735 1214 776 r

208 810 354 874 inimr‘cus
384 807 538 874 Ciceronis
566 808 638 888 fnit.
692 807 846 887 Defensus
876 812 921 874 est
950 806 1105 891 Catilina,
1141 811 1177 872 nl

208 897 380 962 Fenestella
402 898 506 974 tradit,
528 915 550 960 a
571 895 619 960 M.
643 893 793 961 Cicerone.
838 895 929 976 Qreod
948 915 1001 978 eyo
1022 901 1059 961 nt
1078 897 1176 962 adda·

209 985 313 1062 bitem,
340 984 413 1049 haee
434 984 504 1065 tarsa
526 981 680 1050 wadan
702 985 800 1050 cratia
820 983 911 1068 facit,
938 985 1073 1050 maine
1094 986 1179 1066 qrrod

209 1074 239 1138 is
258 1072 380 1138 nnlwrn
401 1073 583 1137 mentionem
605 1071 856 1155 reticulatam
869 1074 1006 1155 potnerit
1022 1073 1177 1138 invideam

208 1161 309 1240 faeere
336 1162 523 1244 competitori
554 1165 619 1225 tam
648 1161 777 1243 turpiter
807 1161 953 1227 adversere
984 1181 1016 1226 se
1046 1164 1215 1241 coeunti,1⁰

203 1251 388 1333 prudntia
410 1267 479 1315 arm
501 1249 632 1314 alterum
654 1251 874 1332 conpetitorem
891 1269 982 1316 sanna
999 1249 1177 1315 Antonium

209 1339 245 1403 in
272 1337 459 1404 ademtae
486 1339 623 1403 oratione
649 1337 1176 1420 snpraadrncnaatsnolenefleio

209 1445 278 1492 eam
304 1447 341 1492 ea
367 1425 476 1492 altino
500 1426 563 1492 loco
579 1430 748 1508 praeturae
769 1427 968 1491 candidatam
986 1427 1031 1492 ad
1050 1427 1176 1492 tertinm

204 1516 393 1598 parmasu:

232 1603 261 1667 5.
284 1600 398 1666 Nescis
422 1623 473 1668 me
498 1605 681 1685 praetorem
709 1602 850 1687 primum
879 1623 948 1668 esse
974 1601 1113 1685 fuctum,
1140 1607 1175 1668 te
1189 1617 1214 1658 1⁵

165 1690 371 1755 concessione
389 1689 639 1773 competitorum
658 1692 691 1753 et
709 1690 893 1754 conlatione
908 1691 1127 1756 centuriarum
1141 1696 1175 1756 et

165 1799 237 1843 meo
260 1777 399 1843 maxime
422 1777 576 1842 beneficio
600 1799 639 1842 ex
661 1781 826 1862 postremo
850 1779 884 1843 in
906 1779 1040 1843 tertium
1065 1780 1174 1844 locum
1280 1851 1281 1878 ¹

166 1889 235 1932 esse
260 1866 462 1931 subiectum?
1280 1893 1281 1949 ,

277 1955 338 2050 Qui
360 1957 456 2038 ignitur
473 1955 612 2019 Antonio
629 1954 884 2038 urffraaationem
905 1973 996 2020 snum
1018 1957 1174 2058 imputan-

208 2046 282 2108 dam
299 2047 404 2126 petat,
431 2044 460 2108 is
480 2044 510 2107 si
536 2043 715 2123 defendisset
736 2041 1041 2131 matranensi
1064 2047 1131 2110 eins
1152 2065 1174 2110 a
1188 2059 1214 2100 ²⁰

207 2151 239 2197 se
255 2136 425 2213 proneam
452 2149 553 2196 nonne
579 2130 766 2212 impetur-fit.
812 2131 900 2212 Quod
920 2133 966 2196 itu
988 2151 1049 2198 esse
1070 2134 1174 2198 mani·

206 2219 319 2298 festnrn
341 2223 385 2283 est
405 2237 442 2283 erc
464 2238 506 2296 eo,
528 2219 610 2300 qiud
629 2220 735 2283 statim
757 2219 838 2284 dicit.
884 2219 919 2299 Q.
942 2221 1024 2286 enim
1046 2219 1175 2288 Munus

209 2311 245 2370 tr.
258 2306 304 2388 pl.
322 2267 528 2388 intercedebdt,
545 2325 584 2370 ne
597 2306 645 2371 lea
660 2308 793 2372 ambitus
808 2307 958 2387 ferretum
976 2307 1059 2390 qnod
1071 2309 1175 2389 faeere

202 2413 264 2477 pro
282 2392 421 2461 Catilina
437 2394 602 2460 niddatar.
634 2395 731 2461 Hnne
748 2395 892 2460 Mucium
909 2397 945 2460 in
962 2395 1020 2462 tae
1037 2397 1174 2462 notiore

208 2483 367 2566 appelare
389 2481 491 2549 Cicero
513 2484 557 2548 sic
579 2483 641 2547 ait:
1188 2497 1215 2540 ²⁵

81 2635 84 2646 ,
231 2571 260 2636 6.
284 2570 371 2635 Tet
357 2574 479 2655 tamen,
507 2569 544 2646 Q
566 2570 665 2653 Muci,
694 2574 765 2636 tum
792 2571 877 2636 malo
905 2571 944 2636 de
966 2573 1087 2657 populo
1110 2571 1173 2638 Ro

164 2679 260 2725 muno
276 2659 461 2725 existimare
475 2660 612 2726 moleste
626 2621 705 2743 fcio,
724 2679 780 2742 qut
771 2659 950 2725 hesterna
965 2660 1015 2724 die
1034 2681 1085 2725 me
1102 2681 1173 2725 esse

164 2749 297 2836 dignum
321 2749 491 2814 consulatu
518 2747 672 2833 negabas
718 2746 821 2822 Quid?
849 2771 879 2832 p
902 2746 940 2811 R.
969 2749 1074 2814 minus
1102 2748 1173 2812 dili·

187 2859 228 2902 en
244 2858 278 2901 er
310 2837 373 2901 sibi
410 2836 622 2902 constitueret
652 2834 854 2900 defensorem
891 2857 988 2920 quem
1020 2840 1057 2901 tu
1020 2836 1173 2900 ttibi?

164 2841 244 2989 dum
273 2928 377 2990 tecnnr
402 2924 471 2989 furt
473 2923 540 2988 iL.
565 2922 704 2988 Calenus
732 2927 857 3009 ageret,
886 2945 938 2988 me
964 2925 1173 3027 potissimum
1188 2937 1215 2980 ³⁰

163 3012 368 3078 fortunarum
390 3015 521 3078 tuarum
542 3016 717 3096 patronum
745 3031 815 3076 esse
842 3012 989 3094 voluisti3
1019 3012 1108 3078 cuius
1135 3016 1174 3077 tu

163 3100 359 3185 praesidium
387 3101 421 3164 in
452 3105 510 3165 tus
541 3099 732 3185 turpissima
763 3119 861 3165 cansa
893 3100 1055 3185 delegisti,
1086 3101 1173 3166 huuc

162 3189 467 3254 honestissimarum
494 3209 603 3253 rerum
630 3187 832 3253 defensorem
859 3209 889 3272 p.
914 3187 952 3254 R.
981 3193 1112 3254 auctore
1140 3192 1173 3253 te

163 3277 331 3360 repudiare
353 3279 463 3360 potest
449 3275 485 3340 tr
508 3275 572 3340 nisi
594 3273 678 3340 forte
701 3277 763 3342 hoc
781 3275 925 3341 dicturus
944 3295 987 3358 es,
1011 3297 1074 3360 quo
1092 3280 1175 3341 tem·

162 3383 253 3446 pore
263 3364 389 3428 cumL.
407 3361 528 3429 Caleno
551 3363 632 3427 furti
606 3365 807 3448 tdepectus
831 3364 885 3447 sis,
909 3384 946 3428 eo
969 3365 1149 3449 tempore
1139 3386 1174 3428 m
1189 3375 1215 3417 ³⁵

163 3471 214 3514 me
237 3449 299 3513 tibi
321 3471 438 3534 purum
461 3472 530 3515 esse
554 3451 666 3515 auxilii
688 3451 816 3515 vidisse

278 3536 391 3602 Veram
412 3542 449 3602 nt
468 3538 562 3620 cuerit
582 3538 673 3603 Mnci
694 3557 820 3604 cansam
843 3536 946 3604 Caere
951 3587 961 3621 ,
988 3537 1068 3604 saut
1089 3503 1174 3603 Cuti-
