2542 3950
98 197 239 252 FACETE
248 196 444 254 DICTORUM.
455 197 487 255 G.
500 197 819 256 bso-Poerinrum
829 199 864 254 H.
879 199 1005 255 Ial-b.
1038 199 1100 265 351

143 359 233 435 Quae
251 359 384 424 Priamo
404 359 528 429 alodem
551 363 584 424 et
602 359 718 425 Troiae
738 365 926 446 pestemque
947 362 1107 444 ferebant,

143 447 218 513 Nos·
236 448 357 513 oiroum
379 448 493 512 latices
517 447 641 534 gelidos
664 447 866 513 fumantibus
889 451 956 515 aris

144 535 314 622 Aurigeris
338 535 446 600 divom
468 537 635 620 placantes
657 537 792 602 numina
814 538 916 602 tauris

144 623 211 688 Sub
233 624 368 708 platano
391 623 584 709 umbrifera,
606 623 679 688 fons
702 625 787 690 unde
808 629 946 690 emanat,
962 625 1071 710 aquai,

66 731 81 772 a
143 712 293 777 Vidimus
316 711 439 776 inmani
463 711 567 796 speeie
590 715 744 796 tortuque
767 712 938 778 draconem

143 800 349 882 Terribilem,
371 799 461 864 Iovia
482 804 519 863 ut
541 800 639 884 pulsu
660 803 846 884 penetraret
868 802 910 866 ab
934 824 1004 886 ara73

143 886 207 962 Qui
228 888 354 972 platani
376 888 411 951 in
432 908 526 952 ramo
547 887 700 953 foliorum
723 888 867 974 tegmine
891 894 1024 974 saeptos

138 975 310 1060 *Corripuit
331 976 455 1060 pullos3
477 996 562 1059 quoa
582 997 654 1040 earm
677 979 879 1042 eonsrmeret
903 982 989 1059 outo,

143 1062 241 1128 Nona
262 1083 360 1148 super
382 1063 522 1128 tremulo
546 1064 693 1148 genetrix
716 1065 868 1150 clangore
890 1065 1039 1149 volebat3

53 1171 81 1211 ro
144 1149 205 1216 Cui
225 1149 313 1215 ferus
336 1151 459 1216 inmani
481 1151 618 1216 laniavit
640 1151 764 1216 riseera
787 1173 906 1218 morsm

142 1235 246 1322 Hune,
269 1239 326 1304 ubi
344 1242 413 1303 tam
432 1242 560 1304 teneros
579 1239 719 1304 volueris
739 1243 938 1324 matremque
959 1241 1108 1326 peremit,

143 1325 206 1402 Qui
228 1327 292 1392 luoi
315 1327 472 1410 ediderat,
496 1327 626 1412 genitor
647 1325 818 1392 Saturnius
841 1328 926 1392 idem

143 1414 280 1479 Abdidit
303 1418 336 1478 et
359 1415 439 1480 duro
462 1414 617 1480 formavit
639 1415 783 1500 tegmine
806 1416 885 1480 sari.

142 1500 213 1567 Nos
237 1506 345 1567 autem
367 1502 475 1566 timidi
498 1506 623 1567 stantes
647 1502 796 1567 mirabile
819 1508 1001 1568 monstrum

54 1607 82 1650 rs
143 1590 293 1655 Vidimus
315 1591 350 1655 in
373 1590 486 1655 mediis
510 1590 618 1656 divom
640 1590 799 1656 versarier
822 1593 895 1658 aris.

143 1677 226 1743 Tum
250 1677 388 1744 Calchas
410 1679 491 1744 haee
514 1682 564 1742 est
585 1679 698 1743 fidenti
720 1700 798 1744 voce
821 1680 963 1745 loeutus:

143 1765 315 1842 ‘Quidnam
337 1769 504 1851 torpentes
529 1766 637 1831 subito
661 1766 877 1851 obstipuistis‚
899 1767 1038 1833 Achivi?

143 1853 249 1920 Nobis
271 1854 351 1920 haee
372 1857 526 1939 portenta
549 1853 643 1918 deum
666 1853 754 1917 dedit
776 1854 846 1938 ipse
869 1860 996 1920 creator

7 1941 9 1950 ’
143 1941 251 2006 Tarda
273 1946 306 2007 et
329 1963 401 2007 sera
422 1941 534 2026 nimis,
557 1941 613 2005 sed
634 1941 724 2005 fama
747 1963 784 2006 ae
806 1943 901 2007 laude
924 1943 1066 2027 perenni.

53 2051 82 2090 eo
142 2028 229 2094 Nam
253 2033 333 2114 quot
355 2030 424 2094 avis
448 2033 554 2094 taetro
577 2032 737 2094 mactatas
762 2029 856 2094 dente
878 2030 1009 2113 videtis,

143 2117 207 2181 Tot
228 2139 289 2183 nos
312 2117 354 2182 ad
376 2117 508 2182 Troiam
530 2117 609 2182 belli
633 2117 875 2196 exanclabimus
896 2134 1012 2200 annos3

143 2205 232 2279 Quae
255 2206 388 2270 decumo
411 2205 505 2270 cadet
527 2209 560 2270 et
582 2226 690 2290 poena
710 2205 846 2270 satiabit
867 2204 1031 2270 Arbores?

142 2293 255 2358 Edidit
276 2293 357 2358 haee
379 2291 531 2378 Calchas,
555 2315 636 2377 quae
658 2294 725 2357 iam
748 2297 877 2358 matura
899 2293 1025 2358 videtis.

22 2379 25 2385 ’
166 2382 196 2447 2.
219 2380 280 2447 Cio.
305 2382 392 2447 Tuae.
410 2380 543 2446 [1126.
561 2386 603 2446 63
624 2379 733 2462 (Hom.
757 2381 809 2446 VI
822 2381 955 2464 2013q.)
975 2381 1030 2446 Ee
1051 2381 1107 2446 boe

56 2487 84 2529 as
98 2471 204 2552 eumd,
225 2475 261 2534 ut
281 2469 318 2534 ire
339 2470 440 2534 animi
461 2468 615 2533 doloribus
636 2469 696 2532 olii
716 2469 896 2534 solitudines
917 2474 1050 2553 molent,
1071 2473 1106 2533 ul

98 2558 148 2622 oet
168 2555 325 2622 Horeerua
347 2558 384 2622 de
405 2555 654 2638 Bellerophonte:

144 2643 207 2721 Qui
229 2645 328 2710 miser
350 2645 384 2708 in
408 2644 531 2728 eampis
554 2663 700 2707 maerens
723 2644 855 2709 errabat
877 2643 968 2708 Aleis

144 2731 219 2817 Ipse
243 2753 337 2798 suum
360 2753 415 2798 eor
438 2732 547 2814 edens,
569 2729 737 2796 hominum
759 2731 901 2816 vestigia
922 2732 1039 2797 vitans.

167 2821 197 2886 3.
216 2820 278 2887 Oe.
295 2823 331 2886 ele
344 2821 422 2904 olor.
435 2820 482 2884 II
494 2840 546 2901 ora
559 2817 636 2884 Gell.
651 2818 751 2885 XVe
764 2818 874 2902 (Hom.
893 2819 963 2885 VII
978 2824 1021 2884 89
1030 2819 1106 2902 sqq.)

8 2977 11 2984 ¹
57 2927 85 2968 ao
143 2907 208 2974 Hie
230 2908 312 2974 situs
335 2912 386 2973 est
407 2908 495 2973 vitae
517 2907 583 2972 iam
605 2906 731 2990 pridem
754 2907 879 2972 lumina
900 2907 1063 2991 linquens,

144 2995 206 3072 Qui
230 2998 393 3081 quondam
416 2995 576 3062 Hectoreo
599 2995 766 3078 perculsus
789 2995 931 3060 ooneidit
952 3016 1036 3060 ense.

143 3082 280 3149 Fabitur
302 3084 382 3149 haee
405 3083 536 3168 aliquis,
559 3104 632 3146 mea
655 3103 782 3168 semper
806 3083 910 3167 gloria
932 3083 1030 3147 rivet.

94 3203 97 3210 ·
165 3173 197 3237 4.
220 3171 281 3238 Oe.
306 3175 342 3237 de
367 3173 427 3238 dio.
449 3172 496 3236 II
513 3177 564 3237 39.
586 3173 632 3236 82
653 3171 762 3254 (Hem.
784 3171 941 3254 1X236)
962 3170 1105 3236 Homeri-

100 3279 153 3325 eres
174 3260 263 3326 Aloe
288 3261 373 3343 apud
393 3259 545 3325 Achillem
570 3279 697 3342 querens
723 3260 759 3324 de
779 3260 933 3339 saevitate
957 3259 1105 3323 Troiano·

58 3365 85 3406 ⁸⁵
99 3367 172 3412 rum
193 3351 293 3414 neseio
315 3349 392 3430 quid
411 3347 466 3413 boe
486 3347 575 3412 mode
597 3349 739 3412 baubat:

143 3433 306 3522 Prospera
327 3435 474 3521 Iuppiter
496 3435 548 3499 his
571 3435 694 3499 dextris
715 3433 901 3520 fulgoribus
924 3433 999 3499 edit.

166 3525 196 3590 5.
219 3525 280 3591 ee.
301 3526 338 3590 a
363 3526 425 3590 ore.
447 3525 541 3590 ree.
565 3527 609 3590 52
629 3523 739 3607 (Hom.
761 3523 819 3589 rx
837 3523 916 3602 eoo)
937 3522 998 3588 no
1023 3522 1106 3605 apae
