2570 3944
412 177 621 235 PHILOSOPH.
641 179 670 234 1⁸².
688 179 728 234 IX
748 187 842 236 7-11.
1065 182 1130 248 335

119 339 325 426 quadrivii,
352 340 439 424 quod
460 341 565 426 viget,
593 342 732 407 caeleste
755 345 789 407 et
812 341 956 407 divinum
980 343 1022 409 ob
1046 365 1130 408 eam·

119 451 182 513 que
201 449 270 493 rem
289 432 456 493 aeternum
475 429 518 493 sit
536 450 666 496 necesse
686 433 744 495 est.
776 428 846 495 Nec
863 452 940 495 vero
960 429 1036 495 deus
1051 431 1130 515 ipse,

120 517 178 601 qui
203 516 407 602 intellegitur
434 539 454 581 a
480 517 590 599 nobis,
622 517 687 582 alio
720 516 816 584 modo
844 517 993 603 intellegi
1019 522 1131 603 potest

118 604 185 670 nisi
215 625 306 670 mens
339 604 448 670 soluta
479 605 637 688 quaedam
669 608 702 670 et
733 606 852 687 libera,
884 610 1057 692 segregata
1089 607 1130 671 ab

90 692 210 758 somni
233 692 437 758 concretione
461 693 607 776 mortali,
635 693 744 758 omnia
766 694 908 758 sentiens
935 698 969 758 et
996 715 1130 759 movens

119 781 256 866 ipsaque
269 779 418 864 praedita
432 783 523 846 motu
538 781 744 865 sempiterno.
759 818 800 828 -
817 782 915 847 Verbo
925 781 1129 848 ‘Animorum

118 869 212 934 nulla
236 903 276 916 ·-
304 903 342 916 -
366 868 430 932 nisi
453 891 473 932 a
495 867 571 934 deo'
595 889 632 934 ea
657 870 843 935 Tusculanis
866 875 896 934 ct
917 867 1131 936 Consolatione

117 957 250 1039 proludit
269 957 363 1022 dmm
384 956 569 1022 mamitus
591 958 627 1022 de
649 958 701 1022 ira
722 959 771 1022 dci
793 963 841 1023 10.
864 959 915 1042 45,
936 958 1027 1023 vata
1050 956 1131 1024 ‘Nec

120 1066 198 1111 vero
222 1079 264 1090 -
282 1079 324 1092 -
348 1043 499 1111 morens'
522 1046 602 1110 idem
624 1046 720 1110 instit
742 1047 802 1110 cliv.
824 1045 851 1109 I
868 1048 896 1111 5.
919 1049 971 1112 25.

75 1151 105 1193 ιο
191 1133 240 1197 11.
267 1132 409 1220 metuat
435 1133 506 1198 iusi.
533 1134 592 1198 div.
616 1132 641 1196 Ι
660 1135 707 1198 15.
730 1137 840 1214 rosqq.
868 1133 916 1198 Μ.
941 1134 1065 1199 Tullius
1087 1170 1127 1182 —

118 1221 157 1285 ia
182 1239 215 1285 eo
243 1220 333 1302 libro,
360 1240 418 1302 quo
444 1240 476 1285 se
502 1220 566 1301 ipse
592 1222 628 1286 da
655 1225 750 1286 morie
776 1221 861 1302 [iliae
887 1223 1057 1287 consolatus
1079 1227 1131 1305 cst,

120 1328 185 1374 acu
202 1307 353 1373 dubitauit
368 1309 465 1373 dicare
484 1309 562 1392 deos,
583 1309 638 1389 qui
654 1308 775 1390 plublice
796 1309 973 1387 colerentur,
994 1309 1132 1375 lomim

119 1396 225 1476 saissa
272 1395 361 1477 Quod
384 1397 484 1478 ipsias
511 1396 717 1461 testimonium
743 1415 776 1461 co
802 1395 885 1461 debet
911 1398 1131 1479 praamumam

122 1485 271 1561 iudicari,
293 1484 374 1566 quod
394 1488 423 1548 el
443 1485 592 1567 auqarala
613 1483 721 1548 latmi
741 1485 942 1549 sacedotium
964 1489 994 1548 el
1014 1486 1131 1550 eosdem

78 1588 107 1630 1⁵
121 1589 154 1638 sc
175 1571 269 1638 colere
290 1573 485 1653 amauricus
507 1576 641 1637 uelatur.
685 1570 797 1654 Itaque
822 1573 908 1636 iutro
925 1592 1042 1654 paucos
1068 1593 1132 1638 oer-

121 1659 233 1725 sieulos
255 1657 333 1725 daos
354 1679 403 1725 res
424 1659 510 1725 nobis
532 1660 629 1735 dadin
655 1679 731 1724 uam
757 1661 831 1724 dum
857 1661 1024 1743 imoaiaem
1045 1661 1131 1743 filiae

122 1748 224 1813 eodem
244 1767 277 1812 se
297 1749 385 1812 ηιοάο
407 1753 651 1813 museaalurom
677 1767 739 1812 esse
759 1749 968 1831 profiteretur,
996 1769 1055 1830 qao
1081 1749 1132 1814 illi

122 1835 312 1902 awaribus
332 1840 407 1900 suoi
427 1835 607 1919 marai,
632 1839 662 1898 el
687 1835 756 1900 illos
781 1841 917 1901 mortuos
942 1855 1005 1902 esse
1030 1837 1133 1902 docuit

121 1926 152 1989 et
183 1924 333 2006 alpinam
363 1942 461 1988 iaaac
490 1922 715 2005 superstitionis
745 1924 881 1994 osleiidii.
930 1921 1012 1988 Cum
1044 1944 1132 2008 vero,

79 2030 108 2070 ao
122 2011 236 2094 iuquit,
264 2014 297 2076 et
324 2031 429 2075 mares
457 2014 491 2075 et
512 2009 650 2075 feminas
678 2010 860 2095 complures
884 2031 922 2074 ex
945 2009 1132 2076 hominibus

122 2100 157 2164 in
178 2098 311 2164 deorum
327 2120 462 2163 numero
481 2119 552 2163 esse
569 2097 736 2163 videamus
756 2102 919 2162 eteorum
939 2098 975 2162 in
996 2099 1132 2163 urbibus

60 2214 66 2219 ·
123 2191 222 2270 atque
250 2187 338 2272 agris
366 2187 598 2272 augustissima
626 2186 761 2251 delubra
787 2208 992 2270 veneremur,
1021 2187 1132 2252 adsen-

42 2298 47 2306 ·
123 2275 245 2339 tiamur
268 2295 378 2340 eorum
403 2275 589 2359 sapientiae,
612 2295 749 2359 quorum
772 2274 911 2360 ingeniis
935 2278 968 2339 et
990 2275 1132 2340 inventis

122 2383 254 2428 omnem
275 2363 378 2428 vitam
401 2363 529 2448 legibus
552 2366 585 2427 et
607 2361 768 2427 institutis
792 2363 953 2427 excultam
976 2363 1132 2427 coustitu-

79 2468 108 2510 eo
123 2454 256 2535 tamque
274 2451 441 2516 habemus.
473 2447 595 2525 Quodsi
613 2449 716 2514 ullum
735 2471 890 2532 umquam
913 2449 1035 2515 animal
1058 2472 1131 2515 con-

124 2538 315 2604 secrandum
340 2538 417 2620 luit,
447 2536 529 2602 illud
560 2537 706 2621 profecto
738 2536 810 2601 fuit.
856 2535 890 2601 Si
918 2536 1032 2602 Cadmi
1059 2558 1132 2623 pro·

124 2627 234 2712 genien
270 2628 327 2690 aut
359 2625 637 2709 Amphi[try]0nis
670 2628 727 2689 aut
758 2623 901 2707 Tyndari
936 2625 970 2689 iu
1007 2627 1132 2690 caelum
1191 2699 1193 2702 .

123 2713 268 2779 tollenda
294 2714 383 2780 lama
409 2713 485 2795 fuit,
517 2712 592 2777 huic
619 2712 704 2776 idem
731 2711 836 2777 honos
863 2715 950 2776 certe
978 2712 1132 2777 dicandus

53 2817 61 2826 ’
123 2806 189 2885 est;
212 2801 297 2885 quod
315 2800 444 2886 quidem
461 2800 579 2865 faciam
597 2803 693 2883 teque
712 2800 856 2864 omnium
880 2799 1037 2883 optimam
1061 2799 1133 2866 doc·

80 2907 110 2950 ao
123 2889 350 2973 tissimamque
378 2888 633 2973 adprobantibus
661 2886 711 2952 dis
738 2887 966 2952 inmortalibus
995 2887 1075 2973 ipsis
1098 2888 1133 2951 in

123 2999 236 3042 eorum
264 2980 357 3043 coetu
384 2977 525 3041 locatam
553 2974 594 3041 ad
622 2975 808 3060 opinionem
836 2975 980 3040 omnium
1013 2979 1132 3040 morta·

123 3065 204 3130 lium
236 3065 440 3130 consecrabo.
489 3065 635 3130 Fortasse
665 3065 747 3130 dicat
780 3063 895 3146 aliquis
925 3084 1005 3145 praa
1034 3064 1132 3128 nimio

124 3153 208 3218 loeta
233 3154 378 3218 delirasse
405 3151 586 3219 naamam.
630 3151 729 3233 Atqui
759 3153 860 3217 omnis
890 3150 948 3216 illa
979 3152 1078 3216 oratio
1106 3156 1135 3216 ei

123 3242 264 3306 doarim
280 3246 310 3306 ei
326 3241 470 3323 maniplis
490 3245 520 3305 ci
540 3241 606 3322 ipso
629 3239 770 3322 bouem
787 3259 895 3323 periere
910 3237 1048 3321 perfecta
1069 3258 1133 3304 noo

79 3344 110 3387 ³⁵
123 3330 222 3413 aecii,
248 3329 302 3394 sed
322 3329 488 3394 constantis
510 3329 611 3393 ocimi
632 3347 669 3392 aa
690 3327 800 3392 iudicii
820 3327 896 3409 fail,
918 3331 948 3392 cl
968 3326 1041 3392 laec
1062 3327 1125 3409 ipso

123 3417 273 3483 sententia
294 3417 416 3482 uallum
432 3415 572 3498 pracfm
592 3415 886 3490 indiciumlolaloris.
922 3413 1028 3497 Neque
1050 3417 1121 3481 enin

118 3504 308 3588 pabillum
331 3509 395 3571 uim
416 3505 513 3588 caru,
541 3508 605 3570 mm
631 3504 760 3589 copiose,
787 3509 852 3569 um
877 3508 984 3572 auca
1004 3503 1121 3570 seribm
