<?xml version="1.0" encoding="UTF-8"?>
<!DOCTYPE html PUBLIC "-//W3C//DTD XHTML 1.0 Transitional//EN"
    "http://www.w3.org/TR/xhtml1/DTD/xhtml1-transitional.dtd">
<html xmlns="http://www.w3.org/1999/xhtml" xml:lang="en" lang="en">
 <head>
  <title>
</title>
<meta http-equiv="Content-Type" content="text/html;charset=utf-8" />
  <meta name='ocr-system' content='tesseract 3.04.00' />
  <meta name='ocr-capabilities' content='ocr_page ocr_carea ocr_par ocr_line ocrx_word'/>
</head>
<body>
  <div class='ocr_page' id='page_1' title='image "./mtulliiciceroni04mlgoog_0123.png"; bbox 0 0 2504 3950; ppageno 0'>
   <div class='ocr_carea' id='block_1_1' title="bbox 132 144 745 213">
    <p class='ocr_par' dir='ltr' id='par_1_1' title="bbox 132 144 745 213">
     <span class='ocr_line' id='line_1_1' title="bbox 132 144 745 213; baseline 0.003 -15"><span class='ocrx_word' id='word_1_1' title='bbox 132 149 177 213; x_wconf 79' lang='lat'>60</span> <span class='ocrx_word' id='word_1_2' title='bbox 525 144 745 202; x_wconf 78' lang='lat' dir='ltr'>onornous</span> 
     </span>
    </p>
   </div>
   <div class='ocr_carea' id='block_1_2' title="bbox 84 306 1242 3380">
    <p class='ocr_par' dir='ltr' id='par_1_2' title="bbox 132 306 1241 1182">
     <span class='ocr_line' id='line_1_2' title="bbox 133 306 1146 393; baseline -0.002 -19"><span class='ocrx_word' id='word_1_3' title='bbox 133 308 208 374; x_wconf 89' lang='lat' dir='ltr'>dam</span> <span class='ocrx_word' id='word_1_4' title='bbox 225 307 398 393; x_wconf 87' lang='lat' dir='ltr'>pertinent,</span> <span class='ocrx_word' id='word_1_5' title='bbox 416 307 538 393; x_wconf 87' lang='lat' dir='ltr'>partim</span> <span class='ocrx_word' id='word_1_6' title='bbox 555 311 633 372; x_wconf 87' lang='lat' dir='ltr'>aunt</span> <span class='ocrx_word' id='word_1_7' title='bbox 650 306 804 392; x_wconf 84' lang='lat' dir='ltr'>inanima,</span> <span class='ocrx_word' id='word_1_8' title='bbox 826 310 864 371; x_wconf 92' lang='lat' dir='ltr'>ut</span> <span class='ocrx_word' id='word_1_9' title='bbox 882 327 1005 391; x_wconf 88' lang='lat' dir='ltr'>aurum,</span> <span class='ocrx_word' id='word_1_10' title='bbox 1029 329 1146 393; x_wconf 81' lang='lat' dir='ltr'>argen-</span> 
     </span>
     <span class='ocr_line' id='line_1_3' title="bbox 132 395 1146 481; baseline -0.001 -20"><span class='ocrx_word' id='word_1_11' title='bbox 132 401 217 480; x_wconf 87' lang='lat' dir='ltr'>tum,</span> <span class='ocrx_word' id='word_1_12' title='bbox 239 399 278 461; x_wconf 86' lang='lat' dir='ltr'>ut</span> <span class='ocrx_word' id='word_1_13' title='bbox 300 417 351 480; x_wconf 87' lang='lat' dir='ltr'>ca,</span> <span class='ocrx_word' id='word_1_14' title='bbox 379 417 461 479; x_wconf 89' lang='lat' dir='ltr'>quae</span> <span class='ocrx_word' id='word_1_15' title='bbox 484 396 664 481; x_wconf 83' lang='lat' dir='ltr'>gignuntur</span> <span class='ocrx_word' id='word_1_16' title='bbox 687 399 830 478; x_wconf 87' lang='lat' dir='ltr'>eterra,</span> <span class='ocrx_word' id='word_1_17' title='bbox 856 398 894 459; x_wconf 87' lang='lat' dir='ltr'>ut</span> <span class='ocrx_word' id='word_1_18' title='bbox 920 395 985 459; x_wconf 89' lang='lat' dir='ltr'>alia</span> <span class='ocrx_word' id='word_1_19' title='bbox 1014 395 1146 480; x_wconf 81' lang='lat' dir='ltr'>generis</span> 
     </span>
     <span class='ocr_line' id='line_1_4' title="bbox 133 482 1241 569; baseline -0.007 -19"><span class='ocrx_word' id='word_1_20' title='bbox 133 484 289 569; x_wconf 86' lang='lat' dir='ltr'>eiusdem,</span> <span class='ocrx_word' id='word_1_21' title='bbox 310 484 432 568; x_wconf 89' lang='lat' dir='ltr'>partim</span> <span class='ocrx_word' id='word_1_22' title='bbox 456 483 623 567; x_wconf 86' lang='lat' dir='ltr'>animalia,</span> <span class='ocrx_word' id='word_1_23' title='bbox 650 503 733 567; x_wconf 84' lang='lat' dir='ltr'>quae</span> <span class='ocrx_word' id='word_1_24' title='bbox 755 482 879 548; x_wconf 89' lang='lat' dir='ltr'>habent</span> <span class='ocrx_word' id='word_1_25' title='bbox 902 503 978 547; x_wconf 80' lang='lat' dir='ltr'>suos</span> <span class='ocrx_word' id='word_1_26' title='bbox 1000 482 1146 568; x_wconf 89' lang='lat' dir='ltr'>impetus</span> <span class='ocrx_word' id='word_1_27' title='bbox 1240 518 1241 542; x_wconf 50' lang='grc'>1</span> 
     </span>
     <span class='ocr_line' id='line_1_5' title="bbox 133 569 1146 656; baseline 0 -20"><span class='ocrx_word' id='word_1_28' title='bbox 133 576 167 637; x_wconf 91' lang='grc'>11</span> <span class='ocrx_word' id='word_1_29' title='bbox 179 593 288 638; x_wconf 87' lang='lat' dir='ltr'>rerum</span> <span class='ocrx_word' id='word_1_30' title='bbox 302 572 475 656; x_wconf 83' lang='lat' dir='ltr'>appetitus.</span> <span class='ocrx_word' id='word_1_31' title='bbox 506 569 630 636; x_wconf 81' lang='lat' dir='ltr'>Eorum</span> <span class='ocrx_word' id='word_1_32' title='bbox 643 573 753 635; x_wconf 88' lang='lat' dir='ltr'>autem</span> <span class='ocrx_word' id='word_1_33' title='bbox 766 570 832 635; x_wconf 86' lang='grc'><strong>1111</strong></span> <span class='ocrx_word' id='word_1_34' title='bbox 845 570 981 636; x_wconf 86' lang='lat' dir='ltr'>rationis</span> <span class='ocrx_word' id='word_1_35' title='bbox 997 571 1146 656; x_wconf 74' lang='lat' dir='ltr'>expertia</span> 
     </span>
     <span class='ocr_line' id='line_1_6' title="bbox 134 658 1186 744; baseline -0.007 -20"><span class='ocrx_word' id='word_1_36' title='bbox 134 663 219 744; x_wconf 86' lang='lat' dir='ltr'>sunt,</span> <span class='ocrx_word' id='word_1_37' title='bbox 236 659 303 724; x_wconf 86' lang='grc'><strong>1111</strong></span> <span class='ocrx_word' id='word_1_38' title='bbox 315 660 442 726; x_wconf 84' lang='lat' dir='ltr'>ratione</span> <span class='ocrx_word' id='word_1_39' title='bbox 455 659 595 742; x_wconf 82' lang='lat' dir='ltr'>utentia3</span> <span class='ocrx_word' id='word_1_40' title='bbox 612 661 761 742; x_wconf 75' lang='lat' dir='ltr'>expertes</span> <span class='ocrx_word' id='word_1_41' title='bbox 775 658 912 722; x_wconf 88' lang='lat' dir='ltr'>rationis</span> <span class='ocrx_word' id='word_1_42' title='bbox 931 659 1014 743; x_wconf 84' lang='lat' dir='ltr'>equi,</span> <span class='ocrx_word' id='word_1_43' title='bbox 1032 659 1146 742; x_wconf 83' lang='lat' dir='ltr'>bores,</span> <span class='ocrx_word' id='word_1_44' title='bbox 1173 677 1186 717; x_wconf 79' lang='lat' dir='ltr'>e</span> 
     </span>
     <span class='ocr_line' id='line_1_7' title="bbox 133 745 1241 832; baseline -0.003 -19"><span class='ocrx_word' id='word_1_45' title='bbox 133 748 277 832; x_wconf 86' lang='lat' dir='ltr'>reliquae</span> <span class='ocrx_word' id='word_1_46' title='bbox 295 747 442 832; x_wconf 80' lang='lat' dir='ltr'>pecudea,</span> <span class='ocrx_word' id='word_1_47' title='bbox 461 749 574 831; x_wconf 70' lang='lat' dir='ltr'>[apes]</span> <span class='ocrx_word' id='word_1_48' title='bbox 595 767 731 830; x_wconf 86' lang='lat' dir='ltr'>quarum</span> <span class='ocrx_word' id='word_1_49' title='bbox 749 767 847 830; x_wconf 88' lang='lat' dir='ltr'>opere</span> <span class='ocrx_word' id='word_1_50' title='bbox 865 745 1004 811; x_wconf 86' lang='lat' dir='ltr'>efficitur</span> <span class='ocrx_word' id='word_1_51' title='bbox 1019 746 1146 832; x_wconf 90' lang='lat' dir='ltr'>aliquid</span> <span class='ocrx_word' id='word_1_52' title='bbox 1240 747 1241 756; x_wconf 76' lang='grc'>’</span> 
     </span>
     <span class='ocr_line' id='line_1_8' title="bbox 134 834 1145 917; baseline -0.003 -17"><span class='ocrx_word' id='word_1_53' title='bbox 134 836 175 900; x_wconf 93' lang='lat' dir='ltr'>ad</span> <span class='ocrx_word' id='word_1_54' title='bbox 197 856 292 900; x_wconf 89' lang='lat' dir='ltr'>usum</span> <span class='ocrx_word' id='word_1_55' title='bbox 313 834 482 900; x_wconf 89' lang='lat' dir='ltr'>hominum</span> <span class='ocrx_word' id='word_1_56' title='bbox 505 837 604 917; x_wconf 86' lang='lat' dir='ltr'>atque</span> <span class='ocrx_word' id='word_1_57' title='bbox 626 834 744 917; x_wconf 81' lang='lat' dir='ltr'>vitam3</span> <span class='ocrx_word' id='word_1_58' title='bbox 770 834 897 899; x_wconf 89' lang='lat' dir='ltr'>ratione</span> <span class='ocrx_word' id='word_1_59' title='bbox 920 837 1030 900; x_wconf 87' lang='lat' dir='ltr'>autem</span> <span class='ocrx_word' id='word_1_60' title='bbox 1052 839 1145 898; x_wconf 88' lang='lat' dir='ltr'>uten-</span> 
     </span>
     <span class='ocr_line' id='line_1_9' title="bbox 133 921 1146 1008; baseline 0 -21"><span class='ocrx_word' id='word_1_61' title='bbox 133 923 217 987; x_wconf 90' lang='lat' dir='ltr'>tium</span> <span class='ocrx_word' id='word_1_62' title='bbox 240 923 303 986; x_wconf 91' lang='lat' dir='ltr'>duo</span> <span class='ocrx_word' id='word_1_63' title='bbox 325 942 446 1008; x_wconf 81' lang='lat' dir='ltr'>genera</span> <span class='ocrx_word' id='word_1_64' title='bbox 467 924 606 1006; x_wconf 87' lang='lat' dir='ltr'>ponunt,</span> <span class='ocrx_word' id='word_1_65' title='bbox 634 921 767 986; x_wconf 88' lang='lat' dir='ltr'>deorum</span> <span class='ocrx_word' id='word_1_66' title='bbox 789 943 904 1005; x_wconf 87' lang='lat' dir='ltr'>unum,</span> <span class='ocrx_word' id='word_1_67' title='bbox 925 923 1067 987; x_wconf 88' lang='lat' dir='ltr'>alterum</span> <span class='ocrx_word' id='word_1_68' title='bbox 1089 923 1146 987; x_wconf 80' lang='lat' dir='ltr'>ho</span> 
     </span>
     <span class='ocr_line' id='line_1_10' title="bbox 134 1008 1241 1094; baseline 0.002 -21"><span class='ocrx_word' id='word_1_69' title='bbox 134 1010 266 1074; x_wconf 89' lang='lat' dir='ltr'>minum.</span> <span class='ocrx_word' id='word_1_70' title='bbox 318 1008 407 1074; x_wconf 88' lang='lat' dir='ltr'>Deos</span> <span class='ocrx_word' id='word_1_71' title='bbox 438 1009 586 1093; x_wconf 82' lang='lat' dir='ltr'>placatos</span> <span class='ocrx_word' id='word_1_72' title='bbox 616 1009 722 1094; x_wconf 88' lang='lat' dir='ltr'>pietus</span> <span class='ocrx_word' id='word_1_73' title='bbox 754 1008 873 1074; x_wconf 88' lang='lat' dir='ltr'>efficiet</span> <span class='ocrx_word' id='word_1_74' title='bbox 906 1013 940 1074; x_wconf 91' lang='lat' dir='ltr'>et</span> <span class='ocrx_word' id='word_1_75' title='bbox 976 1010 1145 1094; x_wconf 71' lang='lat' dir='ltr'><strong>sanctitas,</strong></span> <span class='ocrx_word' id='word_1_76' title='bbox 1240 1039 1241 1042; x_wconf 41' lang='lat'>¹</span> 
     </span>
     <span class='ocr_line' id='line_1_11' title="bbox 133 1096 1187 1182; baseline 0.002 -21"><span class='ocrx_word' id='word_1_77' title='bbox 133 1098 280 1182; x_wconf 88' lang='lat' dir='ltr'>proximo</span> <span class='ocrx_word' id='word_1_78' title='bbox 302 1100 412 1162; x_wconf 89' lang='lat' dir='ltr'>autem</span> <span class='ocrx_word' id='word_1_79' title='bbox 435 1100 468 1160; x_wconf 90' lang='lat' dir='ltr'>ct</span> <span class='ocrx_word' id='word_1_80' title='bbox 488 1096 664 1162; x_wconf 89' lang='lat' dir='ltr'>secundum</span> <span class='ocrx_word' id='word_1_81' title='bbox 686 1097 763 1162; x_wconf 85' lang='lat' dir='ltr'>deos</span> <span class='ocrx_word' id='word_1_82' title='bbox 785 1097 933 1164; x_wconf 90' lang='lat' dir='ltr'>homines</span> <span class='ocrx_word' id='word_1_83' title='bbox 955 1097 1144 1163; x_wconf 86' lang='lat' dir='ltr'>hominibus</span> <span class='ocrx_word' id='word_1_84' title='bbox 1160 1115 1187 1157; x_wconf 82' lang='lat'>¹⁰</span> 
     </span>
    </p>

    <p class='ocr_par' dir='ltr' id='par_1_3' title="bbox 84 1183 1242 2061">
     <span class='ocr_line' id='line_1_12' title="bbox 84 1183 1145 1270; baseline 0.002 -20"><span class='ocrx_word' id='word_1_85' title='bbox 84 1199 115 1250; x_wconf 81' lang='grc'>11</span> <span class='ocrx_word' id='word_1_86' title='bbox 134 1206 284 1250; x_wconf 85' lang='lat' dir='ltr'>maxume</span> <span class='ocrx_word' id='word_1_87' title='bbox 305 1185 403 1250; x_wconf 92' lang='lat' dir='ltr'>utiles</span> <span class='ocrx_word' id='word_1_88' title='bbox 426 1205 497 1250; x_wconf 89' lang='lat' dir='ltr'>esse</span> <span class='ocrx_word' id='word_1_89' title='bbox 519 1188 666 1270; x_wconf 89' lang='lat' dir='ltr'>possunt.</span> <span class='ocrx_word' id='word_1_90' title='bbox 709 1183 896 1268; x_wconf 79' lang='lat' dir='ltr'>Earumque</span> <span class='ocrx_word' id='word_1_91' title='bbox 922 1185 1002 1252; x_wconf 90' lang='lat' dir='ltr'>item</span> <span class='ocrx_word' id='word_1_92' title='bbox 1025 1207 1145 1270; x_wconf 86' lang='lat' dir='ltr'>rerum,</span> 
     </span>
     <span class='ocr_line' id='line_1_13' title="bbox 135 1271 1146 1358; baseline 0.003 -21"><span class='ocrx_word' id='word_1_93' title='bbox 135 1295 218 1357; x_wconf 87' lang='lat' dir='ltr'>quae</span> <span class='ocrx_word' id='word_1_94' title='bbox 239 1277 379 1340; x_wconf 75' lang='lat' dir='ltr'>noceant</span> <span class='ocrx_word' id='word_1_95' title='bbox 404 1275 438 1337; x_wconf 90' lang='lat' dir='ltr'>et</span> <span class='ocrx_word' id='word_1_96' title='bbox 465 1273 589 1358; x_wconf 85' lang='lat' dir='ltr'>obsint,</span> <span class='ocrx_word' id='word_1_97' title='bbox 616 1272 729 1338; x_wconf 88' lang='lat' dir='ltr'>eadem</span> <span class='ocrx_word' id='word_1_98' title='bbox 751 1271 855 1338; x_wconf 86' lang='lat' dir='ltr'>diviso</span> <span class='ocrx_word' id='word_1_99' title='bbox 878 1277 935 1338; x_wconf 86' lang='lat' dir='ltr'>est</span> <span class='ocrx_word' id='word_1_100' title='bbox 981 1271 1044 1338; x_wconf 86' lang='lat' dir='ltr'>Sed</span> <span class='ocrx_word' id='word_1_101' title='bbox 1069 1275 1146 1358; x_wconf 89' lang='lat' dir='ltr'>quia</span> 
     </span>
     <span class='ocr_line' id='line_1_14' title="bbox 135 1361 1145 1446; baseline 0.001 -20"><span class='ocrx_word' id='word_1_102' title='bbox 135 1361 211 1426; x_wconf 88' lang='lat' dir='ltr'>deos</span> <span class='ocrx_word' id='word_1_103' title='bbox 233 1381 349 1427; x_wconf 87' lang='lat' dir='ltr'>nocere</span> <span class='ocrx_word' id='word_1_104' title='bbox 370 1382 438 1425; x_wconf 93' lang='lat' dir='ltr'>non</span> <span class='ocrx_word' id='word_1_105' title='bbox 459 1363 586 1446; x_wconf 89' lang='lat' dir='ltr'>putant,</span> <span class='ocrx_word' id='word_1_106' title='bbox 607 1361 649 1425; x_wconf 88' lang='lat' dir='ltr'>iis</span> <span class='ocrx_word' id='word_1_107' title='bbox 672 1361 814 1446; x_wconf 89' lang='lat' dir='ltr'>exceptis</span> <span class='ocrx_word' id='word_1_108' title='bbox 836 1361 983 1427; x_wconf 87' lang='lat' dir='ltr'>homines</span> <span class='ocrx_word' id='word_1_109' title='bbox 1005 1362 1145 1428; x_wconf 86' lang='lat' dir='ltr'>homini·</span> 
     </span>
     <span class='ocr_line' id='line_1_15' title="bbox 134 1448 1145 1535; baseline 0.001 -21"><span class='ocrx_word' id='word_1_110' title='bbox 134 1450 195 1514; x_wconf 92' lang='lat' dir='ltr'>bus</span> <span class='ocrx_word' id='word_1_111' title='bbox 214 1449 329 1514; x_wconf 88' lang='lat' dir='ltr'>obesse</span> <span class='ocrx_word' id='word_1_112' title='bbox 346 1449 523 1533; x_wconf 87' lang='lat' dir='ltr'>plurimum</span> <span class='ocrx_word' id='word_1_113' title='bbox 542 1448 752 1513; x_wconf 86' lang='lat' dir='ltr'>arbitrantur.</span> <span class='ocrx_word' id='word_1_114' title='bbox 783 1449 834 1514; x_wconf 80' lang='lat' dir='ltr'>Ea</span> <span class='ocrx_word' id='word_1_115' title='bbox 852 1450 938 1514; x_wconf 91' lang='lat' dir='ltr'>enim</span> <span class='ocrx_word' id='word_1_116' title='bbox 955 1449 1038 1534; x_wconf 90' lang='lat' dir='ltr'>ipsa,</span> <span class='ocrx_word' id='word_1_117' title='bbox 1062 1471 1145 1535; x_wconf 90' lang='lat' dir='ltr'>qnae</span> 
     </span>
     <span class='ocr_line' id='line_1_16' title="bbox 134 1535 1186 1622; baseline 0.003 -22"><span class='ocrx_word' id='word_1_118' title='bbox 134 1537 279 1601; x_wconf 85' lang='lat' dir='ltr'>inanima</span> <span class='ocrx_word' id='word_1_119' title='bbox 292 1535 441 1618; x_wconf 80' lang='lat' dir='ltr'>diximus,</span> <span class='ocrx_word' id='word_1_120' title='bbox 453 1535 608 1620; x_wconf 76' lang='lat' dir='ltr'>pleraque</span> <span class='ocrx_word' id='word_1_121' title='bbox 622 1540 698 1600; x_wconf 86' lang='lat' dir='ltr'>sunt</span> <span class='ocrx_word' id='word_1_122' title='bbox 711 1536 880 1604; x_wconf 90' lang='lat' dir='ltr'>hominum</span> <span class='ocrx_word' id='word_1_123' title='bbox 893 1537 1001 1622; x_wconf 88' lang='lat' dir='ltr'>operis</span> <span class='ocrx_word' id='word_1_124' title='bbox 1015 1537 1144 1622; x_wconf 83' lang='lat' dir='ltr'>effecta3</span> <span class='ocrx_word' id='word_1_125' title='bbox 1160 1555 1186 1596; x_wconf 83' lang='lat'>1⁵</span> 
     </span>
     <span class='ocr_line' id='line_1_17' title="bbox 135 1623 1145 1710; baseline 0.003 -22"><span class='ocrx_word' id='word_1_126' title='bbox 135 1645 218 1707; x_wconf 88' lang='lat' dir='ltr'>quae</span> <span class='ocrx_word' id='word_1_127' title='bbox 244 1643 304 1688; x_wconf 90' lang='lat' dir='ltr'>nec</span> <span class='ocrx_word' id='word_1_128' title='bbox 329 1623 537 1708; x_wconf 75' lang='lat' dir='ltr'>haberemus,</span> <span class='ocrx_word' id='word_1_129' title='bbox 567 1623 633 1687; x_wconf 91' lang='lat' dir='ltr'>nisi</span> <span class='ocrx_word' id='word_1_130' title='bbox 660 1645 776 1688; x_wconf 86' lang='lat' dir='ltr'>manus</span> <span class='ocrx_word' id='word_1_131' title='bbox 803 1627 836 1688; x_wconf 91' lang='lat' dir='ltr'>et</span> <span class='ocrx_word' id='word_1_132' title='bbox 863 1645 917 1690; x_wconf 89' lang='lat' dir='ltr'>ars</span> <span class='ocrx_word' id='word_1_133' title='bbox 945 1625 1145 1710; x_wconf 71' lang='lat' dir='ltr'>accessisset,</span> 
     </span>
     <span class='ocr_line' id='line_1_18' title="bbox 134 1709 1145 1778; baseline 0.002 -2"><span class='ocrx_word' id='word_1_134' title='bbox 134 1732 193 1776; x_wconf 89' lang='lat' dir='ltr'>nec</span> <span class='ocrx_word' id='word_1_135' title='bbox 214 1710 255 1774; x_wconf 79' lang='lat' dir='ltr'>iia</span> <span class='ocrx_word' id='word_1_136' title='bbox 279 1710 348 1776; x_wconf 90' lang='lat' dir='ltr'>sine</span> <span class='ocrx_word' id='word_1_137' title='bbox 370 1709 539 1776; x_wconf 88' lang='lat' dir='ltr'>hominum</span> <span class='ocrx_word' id='word_1_138' title='bbox 562 1711 843 1777; x_wconf 77' lang='lat' dir='ltr'>administratione</span> <span class='ocrx_word' id='word_1_139' title='bbox 867 1717 1040 1778; x_wconf 89' lang='lat' dir='ltr'>uteremur.</span> <span class='ocrx_word' id='word_1_140' title='bbox 1082 1711 1145 1778; x_wconf 89' lang='lat' dir='ltr'>Ne·</span> 
     </span>
     <span class='ocr_line' id='line_1_19' title="bbox 135 1797 1145 1888; baseline 0.004 -26"><span class='ocrx_word' id='word_1_141' title='bbox 135 1819 198 1882; x_wconf 88' lang='lat' dir='ltr'>que</span> <span class='ocrx_word' id='word_1_142' title='bbox 224 1797 322 1862; x_wconf 80' lang='lat' dir='ltr'>enim</span> <span class='ocrx_word' id='word_1_143' title='bbox 337 1797 533 1865; x_wconf 81' lang='lat' dir='ltr'>valetudinis</span> <span class='ocrx_word' id='word_1_144' title='bbox 559 1799 683 1864; x_wconf 90' lang='lat' dir='ltr'>curatio</span> <span class='ocrx_word' id='word_1_145' title='bbox 710 1821 814 1884; x_wconf 87' lang='lat' dir='ltr'>neque</span> <span class='ocrx_word' id='word_1_146' title='bbox 845 1800 1012 1888; x_wconf 78' lang='lat' dir='ltr'>navigatio</span> <span class='ocrx_word' id='word_1_147' title='bbox 1039 1821 1145 1886; x_wconf 87' lang='lat' dir='ltr'>neque</span> 
     </span>
     <span class='ocr_line' id='line_1_20' title="bbox 136 1886 1145 1974; baseline 0.003 -23"><span class='ocrx_word' id='word_1_148' title='bbox 136 1886 208 1974; x_wconf 80' lang='lat' dir='ltr'>agri</span> <span class='ocrx_word' id='word_1_149' title='bbox 235 1887 363 1953; x_wconf 82' lang='lat' dir='ltr'>cultura</span> <span class='ocrx_word' id='word_1_150' title='bbox 389 1907 493 1971; x_wconf 89' lang='lat' dir='ltr'>noque</span> <span class='ocrx_word' id='word_1_151' title='bbox 521 1886 655 1973; x_wconf 83' lang='lat' dir='ltr'>frugum</span> <span class='ocrx_word' id='word_1_152' title='bbox 684 1886 912 1973; x_wconf 86' lang='lat' dir='ltr'>fructuumque</span> <span class='ocrx_word' id='word_1_153' title='bbox 943 1888 1145 1972; x_wconf 87' lang='lat' dir='ltr'>reliquorum</span> 
     </span>
     <span class='ocr_line' id='line_1_21' title="bbox 135 1975 1242 2061; baseline 0.007 -21"><span class='ocrx_word' id='word_1_154' title='bbox 135 1975 301 2060; x_wconf 90' lang='lat' dir='ltr'>perceptio</span> <span class='ocrx_word' id='word_1_155' title='bbox 320 1978 354 2040; x_wconf 89' lang='lat' dir='ltr'>et</span> <span class='ocrx_word' id='word_1_156' title='bbox 370 1975 573 2040; x_wconf 78' lang='lat' dir='ltr'>conservatio</span> <span class='ocrx_word' id='word_1_157' title='bbox 593 1975 662 2040; x_wconf 90' lang='lat' dir='ltr'>sine</span> <span class='ocrx_word' id='word_1_158' title='bbox 679 1975 847 2040; x_wconf 89' lang='lat' dir='ltr'>hominum</span> <span class='ocrx_word' id='word_1_159' title='bbox 867 1997 966 2061; x_wconf 86' lang='lat' dir='ltr'>opera</span> <span class='ocrx_word' id='word_1_160' title='bbox 984 1976 1055 2042; x_wconf 91' lang='lat' dir='ltr'>ulla</span> <span class='ocrx_word' id='word_1_161' title='bbox 1074 1999 1145 2044; x_wconf 89' lang='lat' dir='ltr'>esse</span> <span class='ocrx_word' id='word_1_162' title='bbox 1158 1995 1186 2037; x_wconf 80' lang='lat' dir='ltr'>ro</span> <span class='ocrx_word' id='word_1_163' title='bbox 1241 1984 1242 2048; x_wconf 70' lang='lat' dir='ltr'>l</span> 
     </span>
    </p>

    <p class='ocr_par' dir='ltr' id='par_1_4' title="bbox 85 2060 1242 2588">
     <span class='ocr_line' id='line_1_22' title="bbox 85 2060 1242 2148; baseline 0.005 -23"><span class='ocrx_word' id='word_1_164' title='bbox 85 2076 116 2126; x_wconf 83' lang='grc'>13</span> <span class='ocrx_word' id='word_1_165' title='bbox 135 2063 307 2146; x_wconf 88' lang='lat' dir='ltr'>potuisset.</span> <span class='ocrx_word' id='word_1_166' title='bbox 350 2060 421 2127; x_wconf 89' lang='lat' dir='ltr'>Iam</span> <span class='ocrx_word' id='word_1_167' title='bbox 448 2083 526 2127; x_wconf 78' lang='lat' dir='ltr'>vero</span> <span class='ocrx_word' id='word_1_168' title='bbox 552 2065 586 2126; x_wconf 89' lang='lat' dir='ltr'>et</span> <span class='ocrx_word' id='word_1_169' title='bbox 612 2083 723 2127; x_wconf 89' lang='lat' dir='ltr'>earum</span> <span class='ocrx_word' id='word_1_170' title='bbox 749 2084 871 2148; x_wconf 87' lang='lat' dir='ltr'>rerum,</span> <span class='ocrx_word' id='word_1_171' title='bbox 901 2064 1017 2148; x_wconf 80' lang='lat' dir='ltr'>quibua</span> <span class='ocrx_word' id='word_1_172' title='bbox 1045 2066 1146 2130; x_wconf 89' lang='lat' dir='ltr'>abun·</span> <span class='ocrx_word' id='word_1_173' title='bbox 1241 2113 1242 2138; x_wconf 39' lang='grc'>1</span> 
     </span>
     <span class='ocr_line' id='line_1_23' title="bbox 136 2149 1242 2238; baseline 0.006 -24"><span class='ocrx_word' id='word_1_174' title='bbox 136 2150 300 2232; x_wconf 83' lang='lat' dir='ltr'>daremus,</span> <span class='ocrx_word' id='word_1_175' title='bbox 327 2149 511 2233; x_wconf 85' lang='lat' dir='ltr'>exportatio</span> <span class='ocrx_word' id='word_1_176' title='bbox 534 2152 714 2234; x_wconf 80' lang='lat' dir='ltr'>eteorum,</span> <span class='ocrx_word' id='word_1_177' title='bbox 744 2151 861 2235; x_wconf 90' lang='lat' dir='ltr'>quibus</span> <span class='ocrx_word' id='word_1_178' title='bbox 889 2173 1071 2238; x_wconf 83' lang='lat' dir='ltr'>egeremus,</span> <span class='ocrx_word' id='word_1_179' title='bbox 1099 2153 1147 2220; x_wconf 91' lang='lat' dir='ltr'>in·</span> <span class='ocrx_word' id='word_1_180' title='bbox 1241 2205 1242 2210; x_wconf 19' lang='grc' dir='ltr'>η</span> 
     </span>
     <span class='ocr_line' id='line_1_24' title="bbox 135 2236 1242 2321; baseline 0.005 -19"><span class='ocrx_word' id='word_1_181' title='bbox 135 2236 241 2302; x_wconf 85' lang='grc'><strong>111111</strong></span> <span class='ocrx_word' id='word_1_182' title='bbox 264 2239 350 2301; x_wconf 87' lang='grc'><strong>11111</strong></span> <span class='ocrx_word' id='word_1_183' title='bbox 372 2236 464 2301; x_wconf 87' lang='lat' dir='ltr'>nulla</span> <span class='ocrx_word' id='word_1_184' title='bbox 486 2241 586 2321; x_wconf 85' lang='lat' dir='ltr'>esset,</span> <span class='ocrx_word' id='word_1_185' title='bbox 612 2238 676 2303; x_wconf 89' lang='lat' dir='ltr'>nisi</span> <span class='ocrx_word' id='word_1_186' title='bbox 702 2239 754 2303; x_wconf 81' lang='lat' dir='ltr'>hia</span> <span class='ocrx_word' id='word_1_187' title='bbox 781 2239 969 2304; x_wconf 79' lang='lat' dir='ltr'>muneribus</span> <span class='ocrx_word' id='word_1_188' title='bbox 992 2240 1145 2307; x_wconf 85' lang='lat' dir='ltr'>homines</span> <span class='ocrx_word' id='word_1_189' title='bbox 1241 2253 1242 2256; x_wconf 76' lang='grc'>’</span> 
     </span>
     <span class='ocr_line' id='line_1_25' title="bbox 135 2321 1147 2412; baseline 0.005 -24"><span class='ocrx_word' id='word_1_190' title='bbox 135 2322 357 2410; x_wconf 75' lang='lat' dir='ltr'>iungereutrr.</span> <span class='ocrx_word' id='word_1_191' title='bbox 400 2321 588 2408; x_wconf 79' lang='lat' dir='ltr'>Eademque</span> <span class='ocrx_word' id='word_1_192' title='bbox 609 2327 736 2391; x_wconf 88' lang='lat' dir='ltr'>ratione</span> <span class='ocrx_word' id='word_1_193' title='bbox 757 2348 817 2392; x_wconf 88' lang='lat' dir='ltr'>neo</span> <span class='ocrx_word' id='word_1_194' title='bbox 843 2327 968 2412; x_wconf 88' lang='lat' dir='ltr'>lapides</span> <span class='ocrx_word' id='word_1_195' title='bbox 994 2349 1033 2393; x_wconf 90' lang='lat' dir='ltr'>ex</span> <span class='ocrx_word' id='word_1_196' title='bbox 1055 2333 1147 2394; x_wconf 96' lang='grc'><strong>11111</strong></span> 
     </span>
     <span class='ocr_line' id='line_1_26' title="bbox 137 2410 1186 2500; baseline 0.004 -23"><span class='ocrx_word' id='word_1_197' title='bbox 137 2410 357 2477; x_wconf 86' lang='lat' dir='ltr'>exciderentur</span> <span class='ocrx_word' id='word_1_198' title='bbox 384 2411 425 2476; x_wconf 88' lang='lat' dir='ltr'>ad</span> <span class='ocrx_word' id='word_1_199' title='bbox 451 2432 545 2478; x_wconf 87' lang='lat' dir='ltr'>usum</span> <span class='ocrx_word' id='word_1_200' title='bbox 572 2418 722 2478; x_wconf 89' lang='lat' dir='ltr'>nostrum</span> <span class='ocrx_word' id='word_1_201' title='bbox 748 2416 935 2500; x_wconf 85' lang='lat' dir='ltr'>necessarii,</span> <span class='ocrx_word' id='word_1_202' title='bbox 966 2437 1026 2481; x_wconf 88' lang='lat' dir='ltr'>noc</span> <span class='ocrx_word' id='word_1_203' title='bbox 1054 2415 1186 2481; x_wconf 76' lang='lat' dir='ltr'>‘fer-²⁵</span> 
     </span>
     <span class='ocr_line' id='line_1_27' title="bbox 136 2501 1146 2588; baseline 0.007 -25"><span class='ocrx_word' id='word_1_204' title='bbox 136 2520 233 2582; x_wconf 83' lang='lat' dir='ltr'>rum,</span> <span class='ocrx_word' id='word_1_205' title='bbox 254 2519 333 2582; x_wconf 83' lang='lat' dir='ltr'>aas,</span> <span class='ocrx_word' id='word_1_206' title='bbox 356 2520 502 2584; x_wconf 86' lang='lat' dir='ltr'>aurum,</span> <span class='ocrx_word' id='word_1_207' title='bbox 521 2501 741 2585; x_wconf 80' lang='lat' dir='ltr'>argentum&#39;</span> <span class='ocrx_word' id='word_1_208' title='bbox 760 2503 953 2569; x_wconf 86' lang='lat' dir='ltr'>effoderetur</span> <span class='ocrx_word' id='word_1_209' title='bbox 971 2503 1146 2588; x_wconf 70' lang='lat' dir='ltr'>‘penitus</span> 
     </span>
    </p>

    <p class='ocr_par' dir='ltr' id='par_1_5' title="bbox 96 2585 1187 3118">
     <span class='ocr_line' id='line_1_28' title="bbox 96 2585 1146 2677; baseline 0.007 -27"><span class='ocrx_word' id='word_1_210' title='bbox 96 2586 119 2649; x_wconf 84' lang='lat'><strong>4</strong></span> <span class='ocrx_word' id='word_1_211' title='bbox 138 2585 326 2652; x_wconf 86' lang='lat' dir='ltr'>abditnm&#39;</span> <span class='ocrx_word' id='word_1_212' title='bbox 345 2587 415 2652; x_wconf 90' lang='lat' dir='ltr'>sine</span> <span class='ocrx_word' id='word_1_213' title='bbox 432 2587 601 2654; x_wconf 88' lang='lat' dir='ltr'>hominurn</span> <span class='ocrx_word' id='word_1_214' title='bbox 619 2590 732 2654; x_wconf 89' lang='lat' dir='ltr'>labore</span> <span class='ocrx_word' id='word_1_215' title='bbox 749 2594 784 2654; x_wconf 91' lang='grc'>11</span> <span class='ocrx_word' id='word_1_216' title='bbox 801 2611 908 2656; x_wconf 88' lang='lat' dir='ltr'>manu.</span> <span class='ocrx_word' id='word_1_217' title='bbox 940 2589 1041 2658; x_wconf 78' lang='lat' dir='ltr'>Tecta</span> <span class='ocrx_word' id='word_1_218' title='bbox 1057 2613 1146 2677; x_wconf 85' lang='grc'><strong>1111,</strong></span> 
     </span>
     <span class='ocr_line' id='line_1_29' title="bbox 138 2674 1147 2764; baseline 0.004 -24"><span class='ocrx_word' id='word_1_219' title='bbox 138 2675 254 2760; x_wconf 87' lang='lat' dir='ltr'>quibus</span> <span class='ocrx_word' id='word_1_220' title='bbox 283 2679 317 2740; x_wconf 90' lang='grc'>11</span> <span class='ocrx_word' id='word_1_221' title='bbox 341 2674 502 2764; x_wconf 79' lang='lat' dir='ltr'>frigorum</span> <span class='ocrx_word' id='word_1_222' title='bbox 528 2677 580 2741; x_wconf 85' lang='grc'>111</span> <span class='ocrx_word' id='word_1_223' title='bbox 606 2677 781 2761; x_wconf 84' lang='lat' dir='ltr'>pelleretur</span> <span class='ocrx_word' id='word_1_224' title='bbox 808 2682 842 2743; x_wconf 89' lang='lat' dir='ltr'>et</span> <span class='ocrx_word' id='word_1_225' title='bbox 870 2679 1014 2744; x_wconf 86' lang='lat' dir='ltr'>calorum</span> <span class='ocrx_word' id='word_1_226' title='bbox 1045 2681 1147 2745; x_wconf 87' lang='lat' dir='ltr'>mole·</span> 
     </span>
     <span class='ocr_line' id='line_1_30' title="bbox 138 2763 1147 2851; baseline 0.005 -23"><span class='ocrx_word' id='word_1_227' title='bbox 138 2764 220 2828; x_wconf 88' lang='lat' dir='ltr'>stiae</span> <span class='ocrx_word' id='word_1_228' title='bbox 243 2763 446 2849; x_wconf 85' lang='lat' dir='ltr'>sedarentur,</span> <span class='ocrx_word' id='word_1_229' title='bbox 469 2764 555 2829; x_wconf 90' lang='lat' dir='ltr'>uude</span> <span class='ocrx_word' id='word_1_230' title='bbox 577 2769 635 2829; x_wconf 90' lang='lat' dir='ltr'>aut</span> <span class='ocrx_word' id='word_1_231' title='bbox 655 2765 752 2830; x_wconf 90' lang='lat' dir='ltr'>initio</span> <span class='ocrx_word' id='word_1_232' title='bbox 775 2767 886 2851; x_wconf 86' lang='lat' dir='ltr'>generi</span> <span class='ocrx_word' id='word_1_233' title='bbox 908 2766 1051 2833; x_wconf 90' lang='lat' dir='ltr'>humano</span> <span class='ocrx_word' id='word_1_234' title='bbox 1074 2768 1147 2833; x_wconf 87' lang='lat' dir='ltr'>dari</span> 
     </span>
     <span class='ocr_line' id='line_1_31' title="bbox 137 2851 1187 2940; baseline 0.006 -26"><span class='ocrx_word' id='word_1_235' title='bbox 137 2851 322 2935; x_wconf 88' lang='lat' dir='ltr'>potuissent</span> <span class='ocrx_word' id='word_1_236' title='bbox 339 2856 396 2917; x_wconf 90' lang='lat' dir='ltr'>aut</span> <span class='ocrx_word' id='word_1_237' title='bbox 418 2855 534 2936; x_wconf 90' lang='lat' dir='ltr'>postea</span> <span class='ocrx_word' id='word_1_238' title='bbox 556 2853 737 2938; x_wconf 78' lang='lat' dir='ltr'>subvenire,</span> <span class='ocrx_word' id='word_1_239' title='bbox 759 2854 789 2918; x_wconf 89' lang='lat' dir='ltr'>si</span> <span class='ocrx_word' id='word_1_240' title='bbox 811 2855 919 2919; x_wconf 79' lang='lat' dir='ltr'>autri</span> <span class='ocrx_word' id='word_1_241' title='bbox 939 2857 1147 2940; x_wconf 84' lang='lat' dir='ltr'>tempestatis</span> <span class='ocrx_word' id='word_1_242' title='bbox 1160 2873 1187 2913; x_wconf 79' lang='lat'>³⁰</span> 
     </span>
     <span class='ocr_line' id='line_1_32' title="bbox 137 2941 1148 3027; baseline 0.007 -25"><span class='ocrx_word' id='word_1_243' title='bbox 137 2941 195 3002; x_wconf 88' lang='lat' dir='ltr'>aut</span> <span class='ocrx_word' id='word_1_244' title='bbox 217 2942 323 3003; x_wconf 87' lang='lat' dir='ltr'>terrae</span> <span class='ocrx_word' id='word_1_245' title='bbox 346 2942 439 3004; x_wconf 88' lang='lat' dir='ltr'>motu</span> <span class='ocrx_word' id='word_1_246' title='bbox 465 2944 523 3005; x_wconf 89' lang='lat' dir='ltr'>aut</span> <span class='ocrx_word' id='word_1_247' title='bbox 549 2944 713 3005; x_wconf 84' lang='lat' dir='ltr'>vetustate</span> <span class='ocrx_word' id='word_1_248' title='bbox 740 2941 943 3027; x_wconf 88' lang='lat' dir='ltr'>cecidissent,</span> <span class='ocrx_word' id='word_1_249' title='bbox 969 2943 1034 3008; x_wconf 88' lang='lat' dir='ltr'>nisi</span> <span class='ocrx_word' id='word_1_250' title='bbox 1061 2965 1148 3009; x_wconf 91' lang='lat' dir='ltr'>oom-</span> 
     </span>
     <span class='ocr_line' id='line_1_33' title="bbox 137 3025 1147 3118; baseline 0.006 -28"><span class='ocrx_word' id='word_1_251' title='bbox 137 3025 245 3091; x_wconf 83' lang='lat' dir='ltr'>munis</span> <span class='ocrx_word' id='word_1_252' title='bbox 267 3026 337 3091; x_wconf 85' lang='grc'><strong>1111</strong></span> <span class='ocrx_word' id='word_1_253' title='bbox 359 3027 401 3091; x_wconf 88' lang='lat' dir='ltr'>ab</span> <span class='ocrx_word' id='word_1_254' title='bbox 423 3026 609 3094; x_wconf 88' lang='lat' dir='ltr'>hominibus</span> <span class='ocrx_word' id='word_1_255' title='bbox 632 3028 749 3094; x_wconf 90' lang='lat' dir='ltr'>harum</span> <span class='ocrx_word' id='word_1_256' title='bbox 768 3051 877 3095; x_wconf 89' lang='lat' dir='ltr'>rerum</span> <span class='ocrx_word' id='word_1_257' title='bbox 896 3029 1017 3096; x_wconf 87' lang='lat' dir='ltr'>auxilia</span> <span class='ocrx_word' id='word_1_258' title='bbox 1035 3035 1147 3118; x_wconf 90' lang='lat' dir='ltr'>petere</span> 
     </span>
    </p>

    <p class='ocr_par' dir='ltr' id='par_1_6' title="bbox 86 3112 1187 3380">
     <span class='ocr_line' id='line_1_34' title="bbox 86 3112 1148 3201; baseline 0.008 -26"><span class='ocrx_word' id='word_1_259' title='bbox 86 3125 119 3175; x_wconf 82' lang='grc'>11</span> <span class='ocrx_word' id='word_1_260' title='bbox 138 3112 323 3179; x_wconf 74' lang='lat' dir='ltr'>didicisset?</span> <span class='ocrx_word' id='word_1_261' title='bbox 358 3113 452 3178; x_wconf 83' lang='lat' dir='ltr'>Adde</span> <span class='ocrx_word' id='word_1_262' title='bbox 475 3114 589 3182; x_wconf 79' lang='lat' dir='ltr'>ductus</span> <span class='ocrx_word' id='word_1_263' title='bbox 611 3137 779 3201; x_wconf 87' lang='lat' dir='ltr'>aquarum,</span> <span class='ocrx_word' id='word_1_264' title='bbox 803 3117 1020 3184; x_wconf 85' lang='lat' dir='ltr'>derivationes</span> <span class='ocrx_word' id='word_1_265' title='bbox 1041 3119 1148 3184; x_wconf 85' lang='lat' dir='ltr'>flumi-</span> 
     </span>
     <span class='ocr_line' id='line_1_35' title="bbox 136 3201 1147 3291; baseline 0.008 -27"><span class='ocrx_word' id='word_1_266' title='bbox 136 3222 224 3284; x_wconf 84' lang='lat' dir='ltr'>num,</span> <span class='ocrx_word' id='word_1_267' title='bbox 247 3221 400 3287; x_wconf 79' lang='lat' dir='ltr'>agrorum</span> <span class='ocrx_word' id='word_1_268' title='bbox 422 3201 646 3288; x_wconf 78' lang='lat' dir='ltr'>inrigationes,</span> <span class='ocrx_word' id='word_1_269' title='bbox 669 3205 772 3270; x_wconf 87' lang='lat' dir='ltr'>moles</span> <span class='ocrx_word' id='word_1_270' title='bbox 795 3207 964 3291; x_wconf 87' lang='lat' dir='ltr'>oppositas</span> <span class='ocrx_word' id='word_1_271' title='bbox 983 3207 1147 3291; x_wconf 77' lang='grc'><strong>1111111111,</strong></span> 
     </span>
     <span class='ocr_line' id='line_1_36' title="bbox 137 3289 1187 3380; baseline 0.009 -28"><span class='ocrx_word' id='word_1_272' title='bbox 137 3291 251 3372; x_wconf 86' lang='lat' dir='ltr'>portus</span> <span class='ocrx_word' id='word_1_273' title='bbox 273 3309 372 3354; x_wconf 86' lang='lat' dir='ltr'>manu</span> <span class='ocrx_word' id='word_1_274' title='bbox 394 3289 513 3375; x_wconf 81' lang='lat' dir='ltr'>factos,</span> <span class='ocrx_word' id='word_1_275' title='bbox 540 3312 622 3375; x_wconf 85' lang='lat' dir='ltr'>quae</span> <span class='ocrx_word' id='word_1_276' title='bbox 648 3292 733 3356; x_wconf 86' lang='lat' dir='ltr'>unde</span> <span class='ocrx_word' id='word_1_277' title='bbox 761 3292 830 3357; x_wconf 90' lang='lat' dir='ltr'>sine</span> <span class='ocrx_word' id='word_1_278' title='bbox 857 3293 1025 3360; x_wconf 87' lang='lat' dir='ltr'>hominum</span> <span class='ocrx_word' id='word_1_279' title='bbox 1048 3317 1147 3380; x_wconf 87' lang='lat' dir='ltr'>opere</span> <span class='ocrx_word' id='word_1_280' title='bbox 1161 3312 1187 3354; x_wconf 79' lang='lat'>³⁵</span> 
     </span>
    </p>
   </div>
   <div class='ocr_carea' id='block_1_3' title="bbox 136 3375 1147 3552">
    <p class='ocr_par' dir='ltr' id='par_1_7' title="bbox 136 3375 1147 3552">
     <span class='ocr_line' id='line_1_37' title="bbox 136 3375 1147 3468; baseline 0.008 -29"><span class='ocrx_word' id='word_1_281' title='bbox 136 3375 256 3440; x_wconf 88' lang='lat' dir='ltr'>habere</span> <span class='ocrx_word' id='word_1_282' title='bbox 287 3377 481 3460; x_wconf 72' lang='lat' dir='ltr'>possemus?</span> <span class='ocrx_word' id='word_1_283' title='bbox 530 3377 580 3444; x_wconf 80' lang='lat' dir='ltr'>Ex</span> <span class='ocrx_word' id='word_1_284' title='bbox 612 3380 729 3464; x_wconf 71' lang='lat' dir='ltr'>qrdbus</span> <span class='ocrx_word' id='word_1_285' title='bbox 762 3381 938 3466; x_wconf 86' lang='lat' dir='ltr'>multisque</span> <span class='ocrx_word' id='word_1_286' title='bbox 971 3383 1045 3448; x_wconf 86' lang='lat' dir='ltr'>aliis</span> <span class='ocrx_word' id='word_1_287' title='bbox 1076 3405 1147 3468; x_wconf 90' lang='lat' dir='ltr'>per·</span> 
     </span>
     <span class='ocr_line' id='line_1_38' title="bbox 138 3464 1147 3552; baseline 0.008 -24"><span class='ocrx_word' id='word_1_288' title='bbox 138 3465 284 3548; x_wconf 82' lang='lat' dir='ltr'>spicuam</span> <span class='ocrx_word' id='word_1_289' title='bbox 306 3467 371 3546; x_wconf 87' lang='lat' dir='ltr'>est,</span> <span class='ocrx_word' id='word_1_290' title='bbox 397 3465 454 3547; x_wconf 89' lang='lat' dir='ltr'>qui</span> <span class='ocrx_word' id='word_1_291' title='bbox 480 3464 604 3532; x_wconf 85' lang='lat' dir='ltr'>fructus</span> <span class='ocrx_word' id='word_1_292' title='bbox 634 3489 779 3552; x_wconf 89' lang='lat' dir='ltr'>quaeque</span> <span class='ocrx_word' id='word_1_293' title='bbox 802 3470 963 3536; x_wconf 79' lang='lat' dir='ltr'>utilitates</span> <span class='ocrx_word' id='word_1_294' title='bbox 988 3492 1026 3536; x_wconf 83' lang='lat' dir='ltr'>ex</span> <span class='ocrx_word' id='word_1_295' title='bbox 1049 3471 1147 3536; x_wconf 88' lang='lat' dir='ltr'>rebus</span> 
     </span>
    </p>
   </div>
   <div class='ocr_carea' id='block_1_4' title="bbox 0 0 1259 3950">
    <p class='ocr_par' dir='ltr' id='par_1_8' title="bbox 0 0 1259 3950">
     <span class='ocr_line' id='line_1_39' title="bbox 0 0 1259 3950; baseline 0 0"><span class='ocrx_word' id='word_1_296' title='bbox 0 0 1259 3950; x_wconf 95' lang='lat' dir='ltr'> </span> 
     </span>
    </p>
   </div>
  </div>
 </body>
</html>
