2578 3950
402 166 477 224 cer.
499 175 610 225 rr-ro.
644 175 792 235 eeu-ao.
1034 169 1099 234 185

161 325 281 392 llxistit
304 332 411 393 autem
433 328 495 394 hoc
518 329 589 394 loco
616 330 775 413 quaedam
801 331 949 414 quaestio
977 303 1150 430 subdi-162

106 415 196 499 licilis,
217 437 296 479 num
319 417 446 500 quando
470 417 565 482 amici
587 417 673 500 novi,
697 417 787 502 digni
808 419 960 501 amicitia,
982 419 1097 484 veteri·

106 505 155 567 bus
177 504 241 567 sint
264 503 494 589 anteponendi,
521 508 559 568 ut
587 505 678 606 equis
705 505 823 569 vetulis
852 510 981 571 teneros
1010 510 1098 571 antc-

85 611 209 743 ,itit
231 585 552 746 {limittit
566 592 1098 746 tittdltitltllt

104 771 158 850 tes,
179 768 353 832 veterrima
376 789 533 851 quaeque,
560 771 598 832 ut
621 789 660 832 ea
682 769 772 852 vina,
795 790 877 853 quae
899 773 1097 833 vetustatem

103 853 210 938 femnt,
242 875 315 920 esse
348 855 442 920 debet
474 855 680 939 suavissima3
717 867 900 940 verumque
923 857 1005 921 illud
1038 860 1096 938 est,

104 941 176 1024 quod
197 943 325 1024 dicitur,
347 944 468 1008 multos
491 943 617 1008 modios
639 943 719 1008 salis
742 944 839 1008 simul
858 945 997 1010 edendos
1017 965 1097 1028 esse,

104 1033 133 1093 ut
152 1030 313 1096 amicitiae
336 1053 452 1096 munus
475 1032 639 1116 expletum
662 1032 715 1096 sit.
747 1031 922 1098 Novitates
939 1037 1048 1098 sutem
1069 1033 1097 1097 si
1116 1051 1149 1103 aa

76 1135 94 1174 1⁰
105 1137 181 1200 spem
203 1117 369 1202 adferunt,
394 1123 431 1182 ut
453 1123 620 1203 tamquam
642 1119 810 1184 inberbis
834 1141 900 1186 non
924 1120 1097 1186 fallacibus

103 1203 212 1271 fructus
236 1210 408 1291 appareat,
430 1227 497 1272 non
520 1211 595 1272 sunt
617 1207 695 1271 illae
719 1207 847 1292 quidem
870 1208 1097 1291 repudiandae,

103 1297 234 1366 vetustas
267 1297 380 1358 tamen
411 1315 470 1361 suo
501 1295 574 1360 loco
604 1295 838 1376 conservanda3
874 1296 1016 1360 maxima
1047 1300 1098 1360 est

104 1381 176 1445 enim
197 1381 248 1446 vis
273 1383 448 1448 vetustatis
471 1386 505 1447 et
525 1382 775 1448 consuetudinis.
813 1380 897 1458 Quin
914 1382 986 1466 ipso
1006 1402 1098 1466 equo,

103 1469 179 1534 cuius
210 1469 309 1534 modo
336 1469 398 1536 feci
430 1471 641 1554 mentionem,
673 1471 702 1534 si
732 1470 826 1534 nulla
852 1490 903 1534 res
930 1469 1098 1554 impediat,

76 1569 183 1622 ¹⁵nemo
210 1561 276 1642 est,
309 1559 388 1641 quin
414 1579 466 1642 eo,
498 1579 562 1641 quo
585 1558 766 1641 consuevit,
797 1557 953 1622 libentius
985 1560 1098 1622 utatur

104 1665 187 1726 quam
208 1646 388 1711 intractato
412 1650 445 1710 et
462 1665 557 1712 novo.
591 1643 659 1711 Nec
682 1667 759 1711 vero
786 1646 822 1710 in
848 1645 924 1730 hoe,
943 1645 1029 1729 quod
1048 1648 1099 1710 est

41 1769 43 1814 ι
104 1733 219 1817 animal,
242 1733 358 1798 sedin
380 1733 420 1798 iis
444 1734 552 1818 etiam,
575 1755 658 1818 quse
681 1737 757 1799 sunt
780 1733 939 1817 inanima,
968 1753 1098 1800 consue

41 1821 43 1888 ἶ
103 1820 168 1886 tudo
193 1822 298 1904 velet,
329 1841 428 1905 quom
459 1822 538 1887 locis
565 1822 646 1906 ipsis
673 1821 883 1904 delectemur,
916 1822 1099 1886 montuosis

40 1979 42 1986 ‚
104 1909 188 1974 etiam
219 1912 254 1974 et
287 1908 505 1994 silvestribus,
537 1909 571 1973 in
603 1909 720 1993 quibus
753 1908 873 1973 diutius
906 1909 1099 1974 commorati

40 1999 41 2008 ’
76 2008 208 2062 taumus.

157 2082 217 2150 Sed
239 2085 419 2150 maximum
438 2085 540 2150 estin
558 2083 702 2150 amicitia
723 2105 835 2169 parem
855 2103 925 2149 esse
943 2082 1098 2148 inferiori.
1117 2101 1152 2152 se

104 2166 191 2257 Saepe
219 2173 308 2238 enim
334 2173 543 2238 excellentiae
576 2173 734 2257 quaedem
767 2175 856 2257 sunt,
888 2171 995 2256 qualis
1028 2176 1099 2237 erat

40 2285 41 2294 ι
104 2254 248 2344 Scipionis
273 2261 307 2326 in
329 2265 457 2346 nostro,
486 2265 524 2326 ut
545 2261 594 2326 ita
617 2260 734 2344 dicam,
758 2277 865 2347 grege,
910 2254 1099 2344 Numquam

104 2348 203 2412 seille
225 2349 338 2432 Philo,
359 2370 536 2432 numquam
564 2348 710 2433 Rupilio,
736 2370 913 2432 numquam
941 2347 1099 2414 Mummio

75 2438 287 2521 anteposuit,
305 2457 482 2520 numquam
499 2436 663 2501 inferioris
682 2436 804 2502 ordinis
823 2436 945 2514 amicis,
969 2434 1005 2520 Q.
1021 2455 1099 2500 sero

102 2519 268 2590 Maximum
289 2523 440 2609 fratrem,
467 2524 634 2612 egregium
657 2524 762 2589 virum
786 2524 930 2607 omnino,
961 2523 1099 2588 sibine·

103 2630 254 2696 quaquam
277 2633 404 2697 parem,
435 2613 521 2697 quod
548 2613 576 2677 is
604 2611 751 2678 anteibat
780 2615 901 2695 aetate,
931 2614 1099 2695 tamquam

40 2711 41 2760 2
104 2699 291 2782 superiorem
314 2701 443 2766 colebat
465 2721 605 2785 suosque
629 2719 740 2764 omnes
764 2719 822 2784 per
845 2720 879 2762 se
902 2717 998 2784 posse
1028 2719 1099 2762 esse

103 2785 266 2871 ampliores
289 2788 430 2854 volebat
464 2787 556 2864 Quod
572 2787 756 2854 faciendum
774 2785 1029 2868 imitandumque
1048 2788 1099 2849 est
1118 2803 1153 2851 ιο

73 2876 254 2961 somnitus,
281 2880 331 2960 ut,
360 2876 388 2941 si
411 2897 509 2961 quam
531 2875 768 2961 praestantiam
796 2873 941 2957 virtutis,
968 2872 1100 2957 ingenii,

101 2957 239 3030 fortunae
263 2965 426 3029 consecuti
449 2964 528 3048 sint,
560 2963 739 3050 impertiant
766 2983 805 3026 ea
830 2961 897 3026 suis
925 2961 1101 3026 communi·

102 3053 226 3134 oentque
248 3073 323 3117 oum
344 3052 511 3137 proximis,
534 3056 580 3136 ut,
603 3052 632 3116 si
654 3050 844 3136 parantibus
867 3049 937 3113 nati
958 3049 1024 3114 sint
1042 3047 1100 3112 hu-

102 3136 232 3222 milibus,
257 3139 285 3203 si
307 3139 507 3224 propinquos
530 3139 674 3206 habeant
695 3138 897 3204 inbecilliora
919 3135 971 3200 vel
991 3135 1100 3200 animo

102 3224 145 3287 vel
166 3224 312 3306 fortuna,
340 3249 451 3293 eorum
480 3232 622 3313 augeant
649 3247 728 3312 opes
756 3227 866 3309 eisque
888 3223 1005 3289 honori
1033 3223 1101 3288 sint

74 3313 130 3372 liet
149 3311 309 3399 dignitati.
353 3315 401 3381 Ut
427 3316 462 3381 in
484 3315 618 3398 fabulis,
656 3315 711 3398 qui
739 3312 941 3397 aliquamdiu
966 3316 1101 3398 propter

102 3395 329 3488 ignorationem
352 3402 465 3490 stirpis
493 3407 526 3468 et
554 3403 682 3490 generis
709 3402 744 3466 in
770 3401 932 3467 famulatu
958 3400 1101 3482 fuerunt,

103 3504 166 3552 cum
187 3491 312 3577 cogniti
334 3495 411 3556 sunt
433 3494 467 3556 et
495 3496 552 3557 aut
579 3492 711 3556 deorum
740 3494 797 3556 aut
823 3511 938 3576 regum
964 3489 1025 3552 filii
1054 3488 1100 3550 in·
