2504 3950
313 216 380 276 nra.
399 217 434 273 ΙΙ.
473 217 549 274 cAP.
570 225 613 288 aa,
631 225 673 275 ns.
711 225 859 287 §re-sa.
1038 221 1091 288 ·85

81 379 180 444 habet
209 379 424 463 aequitatem,
450 383 487 443 ut
514 401 629 466 agrum
656 381 769 446 multis
796 383 889 448 annis
912 386 969 450 aut
992 384 1091 449 etiam

82 467 219 533 saeculis
243 471 319 532 ante
342 488 543 552 possessum,
570 469 626 552 qui
647 469 776 536 nullum
803 470 932 555 habuit,
960 469 1110 560 habeat„

5 629 6 636 y
81 557 134 640 qui
157 559 270 621 autem
292 554 421 634 habuit,
444 557 598 621 amittat?
644 557 691 623 Ac
713 562 848 643 propter
869 558 932 624 hoc
953 559 1090 624 iniuriae
1100 531 1144 658 ἐξ

82 665 182 730 genus
205 643 453 710 Lacedaemonii
475 643 678 728 Lysandrum
706 646 863 730 ephorum
890 649 1090 732 expulerunt,

60 733 181 820 sAgim
205 754 332 818 regem,
356 732 442 816 quod
464 754 641 817 numquam
664 737 761 798 antea
785 735 870 818 apud
893 756 949 800 eos
972 736 1090 801 accide-

81 826 144 904 rat,
171 825 383 904 necaverunt,
410 843 511 905 exque
539 843 576 886 eo
604 826 750 906 tempore
778 825 890 888 tantae
913 823 1090 888 discordiae

82 915 209 976 secutae
239 914 327 992 sunt,
360 915 397 974 ut
424 913 457 974 et
483 911 615 993 tyranni
642 910 817 976 existerent
845 915 878 976 et
904 916 1090 997 optumates

82 999 374 1063 exterminarentur
401 1001 434 1062 et
460 999 718 1083 praeclarissime
749 999 928 1066 constituta
955 1001 1008 1064 res¹
1033 1023 1091 1085 pu·

82 1087 165 1151 blica
193 1085 406 1169 dilaberetur;
436 1107 495 1152 nec
521 1107 598 1152 vero
630 1088 736 1152 solum
769 1088 842 1172 ipsa
873 1088 1002 1171 cecidit,
1034 1088 1090 1154 sed

48 1193 70 1232 10
82 1175 180 1240 etiam
203 1175 364 1258 reliquam
387 1173 556 1239 Graeciam
580 1175 697 1240 evertit
719 1175 967 1261 contagionibus
991 1177 1090 1241 malo·

80 1285 161 1346 rum,
185 1284 270 1347 qnae
291 1285 311 1326 a
327 1261 589 1328 Lacedaemoniis
608 1262 772 1348 profectae
790 1269 964 1328 manarunt
981 1262 1090 1328 latius.

81 1351 186 1426 Quid?
209 1354 342 1416 nostros
360 1349 534 1434 Gracchos,
556 1351 603 1415 Ti.
623 1349 760 1416 Gracchi
778 1351 897 1415 summi
915 1351 977 1415 riri
995 1353 1090 1436 filios,

80 1439 231 1504 Africani
256 1442 404 1524 nepotes,
431 1459 537 1503 nonne
565 1439 714 1525 agrariae
741 1438 964 1504 contentiones
987 1439 1090 1523 perdi·

80 1527 222 1592 derunt?
259 1527 306 1590 At
327 1549 404 1592 vero
426 1526 549 1592 Aratus
568 1525 737 1611 Sicyonius
755 1527 824 1593 iure
841 1527 1002 1611 laudatur,
1025 1528 1090 1611 qui,
1108 1543 1141 1593 81

45 1634 68 1673 1⁵
80 1638 153 1681 cum
175 1615 246 1680 eins
264 1614 380 1680 civitas
399 1614 635 1700 quinquaginta
654 1637 755 1680 annos
769 1637 790 1680 a
801 1615 949 1700 tyrannis
968 1619 1090 1680 tenere-

79 1709 142 1788 tur,
161 1701 329 1788 proie'ctus
345 1703 446 1789 Argis
460 1700 630 1787 Sicyonem
644 1702 845 1769 clandestino
859 1703 997 1768 introitu
1010 1702 1090 1769 urbe

79 1797 130 1857 est
163 1791 306 1876 potitus,
338 1813 474 1875 cumque
505 1795 681 1876 tyrannum
711 1789 879 1857 Nicoclem
911 1791 1089 1876 improviso

79 1881 315 1966 oppressisset,
358 1883 520 1945 sescentos
564 1880 704 1962 exsules,
746 1879 802 1962 qui
841 1879 1090 1962 locupletissimi

78 1969 212 2034 fuerant
240 1967 308 2032 eius
336 1967 493 2051 civitatiS,
522 1967 668 2032 restituit
695 1987 827 2050 remque
849 1966 1014 2050 publicam
1038 1966 1090 2032 ad·

43 2060 180 2122 aventu
199 2077 259 2122 suo
278 2056 450 2121 liberavit·
469 2053 531 2120 Sed
550 2077 623 2121 cum
641 2075 795 2140 magnam
819 2055 1091 2120 animadverteret

79 2147 112 2210 in
134 2146 234 2210 bonis
258 2149 291 2209 et
312 2144 571 2229 possessionibus
595 2143 834 2227 difficultatem,
857 2142 947 2228 qnod
970 2147 1003 2209 et
1026 2165 1090 2228 eos,

80 2255 163 2318 qnos
185 2233 258 2318 ipse
281 2232 483 2315 restituerat,
512 2252 649 2316 quorum
676 2232 763 2296 bona
790 2231 847 2297 alii
870 2232 1090 2318 possederant,
1188 2228 1193 2236 ’

79 2343 177 2408 egere
201 2319 440 2404 iniquissimum
463 2341 534 2386 esse
549 2320 771 2385 arbitrabatur
793 2326 827 2385 et
853 2321 1090 2405 quinquaginta

78 2429 242 2474 annorum
260 2408 481 2493 possessiones
499 2408 622 2473 moveri
640 2428 707 2473 non
724 2408 822 2472 nimis
837 2429 975 2491 aequum
997 2411 1089 2492 puta·

43 2499 154 2578 abab,
183 2501 358 2580 propterea
385 2496 470 2580 quod
492 2499 562 2561 tam
584 2497 684 2581 longo
708 2496 815 2580 spatio
838 2497 943 2560 multa
964 2494 1090 2560 heredi-

77 2585 217 2662 tatibus,
239 2585 345 2648 multa
367 2584 595 2668 emptionibus
617 2584 722 2649 multa
744 2583 874 2648 dotibus
895 2584 1090 2650 tenebantur

79 2674 149 2738 sine
177 2671 311 2756 iniuria,
337 2671 492 2738 indicavit
518 2693 621 2756 neque
647 2671 715 2736 illis
744 2670 843 2735 adimi
869 2692 929 2736 nec
946 2671 998 2748 ,iis
1024 2692 1090 2736 non

78 2761 163 2826 satis
187 2761 269 2844 fieri,
293 2782 430 2845 quorum
452 2759 513 2826 illa
531 2759 670 2844 fuerant,
693 2763 851 2843 oportere.
887 2756 970 2823 Cum
987 2757 1090 2842 igitur
1108 2773 1141 2823 82

78 2849 255 2914 statuisset
282 2870 363 2934 opus
391 2869 461 2914 esse
488 2848 529 2913 ad
557 2870 627 2913 eam
654 2868 724 2912 rem
752 2845 1010 2912 constituendam
1037 2867 1090 2930 pe-

41 2954 65 2993 ³⁰
78 2938 190 3020 cunia,
222 2935 461 3002 Alexandream
486 2957 523 3001 se
550 2935 710 3022 proficisci
737 2935 822 3000 velle
849 2933 930 2999 dixit
957 2954 1090 3018 remque

77 3027 246 3112 integram
275 3024 316 3090 ad
342 3025 481 3090 reditum
509 3046 603 3090 suum
629 3023 726 3089 iussit
752 3044 836 3106 esse,
863 3023 955 3106 isque
981 3022 1090 3087 celeri·

77 3119 129 3180 ter
155 3115 197 3179 ad
220 3113 456 3197 Ptolomaeum,
479 3134 573 3178 suum
599 3111 773 3196 hospitem,
800 3110 902 3194 venit,
936 3109 991 3193 qui
1018 3112 1091 3173 tum

77 3203 244 3289 regnabat
267 3201 351 3266 alter
372 3205 449 3285 post
468 3200 706 3266 Alexandream
729 3197 901 3266 conditam.
934 3195 995 3263 Oui
1017 3219 1090 3264 cum

79 3289 288 3376 exposuisset
314 3289 457 3374 patriam
484 3309 517 3353 se
545 3288 683 3353 liberare
710 3287 795 3352 velle
818 3307 1011 3369 cansamque
1035 3285 1090 3351 do·

42 3395 65 3434 ³⁵
78 3381 212 3462 coisset,
235 3397 350 3463 arege
371 3377 524 3462 opulento
542 3376 594 3441 rir
616 3396 760 3440 summus
778 3375 875 3440 facile
892 3373 1091 3458 impetrarit,

78 3471 116 3531 ut
142 3465 260 3552 grandi
283 3464 657 3550 pecunia'adinraretur.
697 3461 802 3538 Quam
825 3483 898 3528 cum
921 3459 1090 3546 Sicyonem

80 3555 264 3638 attulisset,
292 3551 440 3619 adhibuit
462 3551 526 3617 sibi
547 3552 582 3616 in
605 3549 776 3618 consilium
798 3548 980 3634 quindecim
1001 3544 1090 3630 prin·
1127 3575 1130 3580 ·
