2504 3950
142 177 207 240 104
407 187 409 192 '
546 167 598 228 In:
615 171 767 229 osricus
1238 238 1239 300 1

140 338 225 402 inter
248 357 283 402 se
304 333 415 420 fuisse,
436 338 483 418 ut,
505 356 578 400 cum
600 355 712 398 eorum
736 334 832 398 alteri
848 333 1024 418 Dionysius
1042 339 1154 418 tyran·

140 447 201 490 nus
222 425 310 489 diem
331 425 419 489 necis
443 423 673 488 destinavisset
695 424 728 485 et
750 422 789 505 is,
813 422 868 506 qui
885 423 985 486 morti
1003 422 1154 488 addictus

142 517 236 596 esset,
254 535 374 598 paucos
394 511 458 576 sibi
471 511 540 576 dies
558 509 886 576 commendandorum
903 531 1035 576 suorum
1053 533 1155 576 cansa

142 600 384 688 postulavisset,
397 621 455 666 vas
469 598 576 665 factus
590 598 634 663 sit
647 597 732 662 alter
745 599 814 662 eius
828 595 973 682 sistendi,
986 602 1034 682 ut,
1048 599 1079 663 si
1097 600 1155 664 illc

141 711 206 754 non
220 689 418 772 revertisset,
431 687 634 753 moriendum
647 689 733 750 esset
746 686 821 770 ipsi.
848 684 909 761 Qui
923 707 995 752 cum
1010 687 1053 752 ad
1068 687 1180 752 diems
1239 681 1240 750 l

143 799 177 841 se
200 777 383 862 recepisset,
406 776 585 842 admiratus
604 795 715 839 eorum
732 773 830 838 fidem
848 778 1007 858 tyrannus
1024 775 1155 860 petivit,
1239 773 1240 778 ’

90 885 124 933 ee
142 869 180 929 ut
207 887 243 930 se
270 865 311 930 ad
338 864 515 929 amicitiam
537 863 671 928 tertium
695 862 901 927 ascriberent.
946 861 1029 928 Cum
1052 863 1156 948 igitur

142 953 184 1036 id,
208 952 293 1036 quod
316 953 397 1018 utile
415 951 543 1016 videtur
560 951 595 1014 in
613 950 765 1033 amicitia,
788 972 861 1016 cum
880 971 927 1034 eo,
950 951 1038 1034 quod
1055 950 1156 1016 hone·

143 1045 230 1104 stum
253 1042 312 1123 est,
335 1042 556 1124 comparatur,
577 1038 682 1104 iaceat
704 1037 860 1104 utilitatis
884 1039 1021 1122 species,
1043 1040 1156 1105 valeat

142 1125 323 1210 honestas5'
338 1149 412 1193 cum
439 1131 548 1193 autem
575 1127 610 1190 in
637 1126 794 1210 amicitia,
821 1148 903 1210 quae
925 1125 1066 1192 honesta
1089 1149 1157 1194 non
1170 1145 1193 1184 1⁰

144 1221 228 1300 sunt,
250 1216 513 1300 postulabuntur,
537 1214 653 1300 religio
676 1217 709 1279 et
731 1214 810 1280 fides
834 1218 1053 1298 anteponatur
1077 1217 1156 1281 ami·
1240 1221 1241 1228 ’

143 1305 247 1370 citiac.
270 1301 323 1369 Sic
336 1305 510 1370 habebitur
519 1303 557 1387 is,
571 1323 667 1388 quem
676 1303 883 1387 exquirimus,
897 1303 1035 1368 dilectus
1045 1303 1156 1370 officii

93 1397 132 1459 ll
210 1390 272 1458 Sed
295 1393 448 1459 utilitatis
472 1391 578 1476 specie
600 1391 635 1455 in
656 1412 692 1455 re
714 1391 845 1476 publica
870 1391 1060 1476 saepissime
1085 1413 1157 1477 pec

143 1487 243 1565 catur,
261 1485 299 1545 ut
316 1481 351 1546 in
365 1479 515 1546 Corinthi
531 1479 767 1544 disturbatione
785 1479 905 1562 nostra
922 1479 1034 1544 durius
1054 1481 1156 1545 etiam
1241 1533 1242 1560 2

143 1569 373 1651 Athenienses,
401 1568 456 1652 qui
484 1567 659 1649 sciverunt,
686 1570 724 1631 ut
750 1566 934 1653 Aeginetis,
966 1567 1022 1651 qui
1049 1568 1194 1633 classes
1241 1565 1242 1572 '

143 1656 307 1738 valebant,
324 1655 459 1741 pollices
473 1654 744 1740 praeciderentur.
774 1654 846 1720 Hoc
863 1655 970 1720 risum
989 1659 1041 1720 est
1057 1657 1157 1741 utile3

143 1745 241 1808 nimis
263 1743 350 1810 enim
368 1742 560 1811 imminebat
577 1745 711 1828 propter
729 1743 1007 1827 propinquitatem
1023 1743 1157 1830 Aegina

143 1831 268 1898 Piraeo.
313 1829 376 1898 Sed
397 1831 495 1915 nihil,
517 1830 604 1914 quod
626 1830 768 1915 crudele,
790 1830 885 1914 utilc3
914 1834 966 1896 est
987 1831 1075 1896 enim
1099 1833 1157 1898 ho·

144 1921 268 1986 minum
285 1923 431 2004 naturae,
454 1940 552 2005 quam
569 1918 662 2003 sequi
680 1918 843 2003 debemus,
865 1919 1004 1984 maxime
1021 1919 1157 1986 inimica
1242 1964 1243 1990 r

92 2027 125 2076 47
145 2009 327 2075 erudelitas.
372 2007 459 2072 Male
486 2007 599 2091 etiam,
632 2007 688 2090 qui
719 2007 908 2092 peregrinos
935 2007 1072 2072 urbibus
1105 2009 1156 2072 uti
1170 2023 1195 2063 π
1242 1999 1243 2044 ³

143 2097 318 2183 prohibent
339 2117 459 2179 eosque
481 2095 707 2178 exterminant,
729 2099 767 2159 ut
785 2093 914 2161 Pennus
933 2095 1019 2179 apud
1041 2100 1156 2180 patres

143 2188 283 2267 nostros,
305 2182 426 2267 Papius
448 2201 560 2267 nuper.
604 2181 692 2249 Nam
715 2203 786 2248 esse
808 2204 868 2267 pro
891 2183 969 2267 cive,
995 2183 1052 2267 qui
1075 2185 1157 2248 civis

143 2291 209 2336 non
233 2270 290 2354 sit,
312 2273 437 2334 rectum
460 2272 510 2334 est
531 2291 599 2335 non
620 2270 730 2355 licere3
758 2292 855 2355 quam
878 2271 983 2356 legem
1006 2272 1158 2336 tulerunt

145 2357 377 2444 sapientissimi
404 2357 553 2422 consules
575 2356 711 2423 Crassus
740 2362 774 2424 et
795 2356 962 2442 Scaevola3
991 2381 1053 2424 usu
1075 2381 1156 2426 vero

143 2447 234 2511 urbis
257 2445 430 2532 prohibere
452 2445 641 2532 peregrinos
664 2468 741 2512 sane
764 2447 977 2512 inhumanum
995 2452 1055 2512 est.
1091 2447 1158 2513 Illa
1171 2463 1197 2505 2⁵

144 2533 326 2620 praeclara,
356 2533 392 2597 in
419 2533 536 2618 quibus
564 2534 713 2619 publicae
740 2535 895 2600 utilitatis
924 2535 1048 2620 species
1075 2557 1157 2620 prae

144 2623 315 2688 honestate
338 2622 563 2688 contemnitur.
599 2622 701 2688 Plena
723 2624 944 2708 exemplorum
968 2627 1018 2688 est
1038 2627 1158 2689 nostra

144 2731 196 2776 res
228 2709 360 2796 publica
391 2731 464 2776 cum
496 2731 605 2795 saepe,
638 2714 709 2776 tum
740 2712 880 2776 maxime
911 2711 1000 2777 bello
1031 2710 1156 2776 Punico

146 2799 299 2882 secund03
330 2819 413 2883 quae
440 2797 603 2864 Cannensi
634 2799 821 2866 calamitate
853 2804 987 2885 accepta
1014 2799 1157 2865 maiores

146 2885 271 2951 animos
299 2886 417 2951 habuit
444 2904 542 2971 quam
568 2909 723 2970 umquam
750 2887 846 2952 rebus
874 2887 1035 2970 secundis3
1063 2888 1159 2952 nulla
1172 2903 1199 2944 ³⁰

145 2973 273 3038 timoris
297 2973 502 3060 significatio,
525 2973 616 3039 nulla
635 2975 757 3041 mentio
776 2976 874 3061 pacis.
910 2975 1017 3041 Tanta
1033 2975 1085 3039 vis
1103 2979 1159 3040 est

93 3077 127 3126 48
145 3061 288 3146 honesti,
319 3065 357 3127 ut
386 3061 526 3148 speciem
553 3062 706 3128 utilitatis
735 3064 893 3129 obscuret.
938 3063 1159 3129 Athenienses

146 3171 218 3214 cum
236 3148 409 3216 Persarum
427 3150 587 3234 impetum
609 3151 700 3216 nullo
724 3151 819 3217 modo
842 3155 977 3236 possent
995 3151 1160 3218 sustinere

12 3239 13 3268 ³
146 3239 402 3321 statuerantque,
434 3242 473 3303 ut
503 3237 584 3303 urbe
615 3239 729 3304 relicta
759 3239 952 3325 coniugibus
980 3243 1013 3304 et
1042 3239 1160 3304 liberis

13 3403 14 3410 ἵ
145 3323 306 3388 Troezene
332 3324 488 3409 depositis
510 3347 610 3391 naves
634 3327 884 3392 conscenderent
905 3327 1161 3411 libertatemque
1175 3343 1203 3385 ³⁵

13 3451 14 3478 1
146 3409 301 3474 Graeciae
314 3410 418 3476 classe
432 3411 648 3496 defenderent,
666 3412 831 3498 Cyrsilum
845 3414 1012 3499 quendam·
1023 3415 1161 3480 suaden-

145 3502 222 3582 tem,
244 3497 339 3561 utin
360 3498 441 3562 urbe
464 3504 633 3568 manerent
647 3500 846 3587 Xersemque
863 3502 1054 3588 reciperent,
1077 3503 1162 3588 lapi·
