2512 3932
145 184 186 248 16
537 182 586 237 Dll
606 181 756 238 OFFIOIIS

142 348 231 430 post,
264 344 350 430 quod
381 365 416 408 se
447 343 586 409 oblitum
618 342 726 408 nescio
759 341 837 428 quid
867 341 1002 426 diccrct3
1038 342 1154 408 deinde

144 453 293 518 egressus
321 455 339 497 e
366 431 482 497 cestris
509 431 579 496 iure
605 431 741 496 iurando
769 451 814 494 ee
833 430 977 496 solutum
1003 431 1153 516 putabet,
1245 479 1246 516 ἶ

144 525 177 584 ct
204 524 274 586 eret
300 521 422 605 verbis,
448 539 486 584 re
510 539 577 584 non
601 523 682 584 eret.
727 515 862 602 Semper
889 522 1012 602 aurem,
1025 519 1062 584 in
1089 519 1153 584 fide
1245 525 1246 602 f

145 608 223 692 quid
240 609 388 691 senseris,
405 607 563 693 nunquid
577 605 704 690 dixeris,
723 605 941 692 cogitandum.
972 605 1153 672 Macrinium
1245 611 1246 660 ἒ

144 700 253 762 eutem
276 697 457 780 exemplum
481 699 531 760 cst
553 690 698 759 iustitiae
721 694 756 758 in
778 692 907 759 hostem
930 715 950 759 a
972 695 1152 760 maioribus
1182 713 1195 754 o
1245 731 1246 750 r

143 785 266 848 nostris
297 784 524 867 constitutum,
556 803 629 848 cunr
659 805 679 847 e
705 781 831 866 Pyrrho
858 781 997 868 perfuga
1025 784 1154 848 senutui
1245 815 1246 858 p

144 877 194 936 est
220 873 387 956 pollicitus
415 891 450 936 sc
476 891 634 936 venenum
661 871 733 955 regi
761 870 913 934 daturum
940 874 973 934 et
1001 893 1074 936 euin
1100 893 1154 936 ne-
1245 879 1246 916 l

144 963 305 1043 ccturum,
337 963 468 1024 senatus
501 963 534 1023 ct
565 957 599 1023 0.
629 957 797 1023 Fabricius
828 957 999 1044 perfugam
1019 958 1153 1042 Pyrrho

145 1046 275 1111 dedidit.
319 1046 373 1111 lte
397 1067 438 1111 ne
465 1046 571 1112 hostis
598 1046 726 1130 quidem
749 1049 783 1110 et
805 1047 949 1130 potentis
973 1050 1006 1111 et
1028 1047 1154 1113 bellum
1245 1081 1246 1126 p

93 1149 124 1198 ιι
144 1135 231 1198 ultro
245 1133 413 1199 inferentis
431 1134 599 1199 interitum
619 1156 691 1198 cum
711 1133 830 1199 scelere
849 1134 1067 1218 approbavit]
1104 1135 1153 1202 Ac
1170 1155 1196 1195 ιο
1245 1153 1246 1214 3

145 1222 184 1286 de
207 1223 333 1288 bellicis
357 1220 485 1306 quidem
508 1219 627 1287 officiis
648 1221 728 1286 setis
751 1221 873 1287 dictum
897 1225 955 1287 est.
996 1221 1153 1289 Memine·

144 1309 246 1374 rimus
274 1313 382 1374 eutem
415 1311 512 1374 etiam
545 1310 698 1375 adversus
729 1309 858 1374 infimos
889 1309 1050 1376 iustitiam
1082 1333 1152 1376 esse
1245 1333 1246 1402 ᾖ

145 1398 344 1463 servendum.
381 1397 443 1462 Est
461 1401 570 1462 eutem
588 1397 701 1461 infime
718 1396 864 1462 condicio
882 1401 915 1462 et
931 1397 1064 1464 fortune
1089 1421 1152 1464 ser·
1245 1413 1246 1480 J

144 1507 272 1572 rorum,
305 1485 421 1570 quibus
448 1505 514 1550 non
540 1485 626 1550 mele
652 1485 855 1570 praecipiunt
883 1486 938 1569 qui
965 1486 1015 1551 ite
1038 1487 1152 1552 iubent
1245 1521 1246 1544 ι

144 1574 202 1656 uti,
224 1577 262 1638 ut
284 1572 524 1640 mercennariis:
553 1593 685 1658 operum
713 1573 918 1658 exigendam,
944 1573 1033 1639 iuste
1059 1593 1195 1660 pree-1⁵
1245 1583 1246 1658 l

53 1729 55 1736 s
145 1661 259 1726 bonde.
304 1659 386 1726 (ium
409 1663 518 1725 autern
541 1659 806 1743 duobusrmodis,
829 1661 863 1726 id
886 1664 936 1726 eet
959 1666 1018 1727 eut
1038 1664 1071 1727 vi
1096 1668 1153 1728 eut
1245 1665 1246 1700 f

144 1748 266 1832 froude,
287 1747 498 1829 scriniaria,
521 1747 611 1812 fraus
634 1749 728 1832 quesi
751 1748 952 1835 vulpeculae,
975 1750 1024 1815 vis
1047 1751 1151 1817 leonis
1245 1747 1246 1760 ¹

144 1835 284 1919 videtur3
302 1840 475 1920 utrumque
488 1835 619 1901 homine
637 1835 879 1921 alienissimum,
898 1836 1057 1902 sed-irene
1077 1839 1151 1905 odic
1245 1895 1246 1914 2

145 1923 244 2010 digno
257 1925 387 1990 maiore.
419 1923 538 1990 Totius*
548 1928 656 1990 eutem
673 1924 851 1990 iniustitiae
869 1925 961 1990 nulle
979 1927 1153 2011 capitalior
1245 1951 1246 1958 ¹

146 2034 243 2096 quem
262 2033 382 2097 eorum,
405 2012 461 2096 qui
479 2017 557 2096 tum,
580 2033 652 2078 cum
675 2012 813 2078 menime
831 2012 960 2098 fallunt,
982 2014 1016 2078 id
1040 2019 1151 2100 egunt,
1166 2033 1194 2072 20
1245 2085 1246 2088 Ἴ

144 2104 181 2164 ut
203 2101 266 2165 viri
287 2100 365 2165 boni
389 2120 459 2164 esse
481 2099 659 2164 videantur.
695 2099 744 2164 De
766 2100 894 2166 iustitia
917 2101 996 2166 setis
1020 2102 1151 2168 dictum.
1245 2103 1246 2176 ἦ

92 2155 135 2280 {24
210 2187 384 2270 Deinceps,
410 2189 541 2252 uteret
568 2185 785 2272 propositum,
813 2187 851 2252 de
878 2189 1090 2255 beneficentio
1114 2211 1152 2258 oc
1245 2207 1246 2238 ³

145 2274 184 2338 dc
206 2274 405 2339 liberalitate
427 2273 573 2358 dicetrup
596 2295 661 2359 que
683 2275 814 2361 quidem
835 2275 919 2341 nihil
942 2281 993 2342 est
1014 2281 1151 2344 neturce

144 2361 286 2427 hominis
310 2361 594 2447 accommodatius,
622 2363 678 2428 sed
704 2363 805 2428 habet
831 2364 960 2429 multos
975 2367 1151 2433 cautiones.
1245 2401 1246 2432 1

144 2448 326 2515 Videndum
344 2453 395 2513 est
413 2449 508 2534 enirn,
530 2451 672 2535 primurn
689 2473 730 2516 ne
748 2451 836 2516 obsit
853 2452 1040 2539 benignitus
1058 2458 1091 2518 et
1109 2455 1150 2520 iis
1165 2472 1193 2514 25
1245 2463 1246 2506 l

144 2537 233 2622 ipsis,
257 2536 374 2620 quibus
395 2537 535 2624 benigne
553 2539 715 2604 videbitur
734 2539 814 2622 fieri,
836 2543 870 2604 et
887 2541 1012 2625 ceteris,
1036 2541 1151 2608 deinde
1245 2569 1246 2626 p

144 2645 186 2690 ne
205 2625 311 2690 maior
333 2625 519 2712 benignitas
542 2626 586 2692 sit
609 2649 705 2712 quem
727 2627 915 2713 facultates,
937 2633 1007 2694 tum
1029 2634 1067 2694 ut
1089 2651 1149 2716 pro

145 2713 304 2800 dignitate
326 2713 440 2798 cuique
463 2714 639 2798 tribuetur3
666 2715 710 2780 id
726 2715 812 2780 enim
838 2720 889 2800 est
913 2717 1057 2782 iustitiae
1078 2718 1151 2782 fun-

83 2875 85 2880 ·
145 2803 340 2887 dementum,
359 2803 400 2867 ed
419 2823 516 2888 quem
534 2804 615 2869 hoec
632 2802 799 2868 referende
816 2807 894 2867 sunt
911 2805 1028 2869 omnio.
1061 2804 1150 2872 Nem

145 2893 178 2954 et
200 2891 256 2974 qui
279 2891 505 2974 gratificantur
522 2889 672 2976 cuipiam,
694 2890 780 2976 qnod
798 2891 885 2956 obsit
902 2892 963 2976 illi,
984 2893 1037 2958 cni
1054 2895 1150 2978 prod·
1163 2913 1191 2952 ec
1245 2943 1246 2948 ,

144 2997 214 3042 esec
233 2978 317 3042 velle
335 2978 517 3062 videantur,
541 3000 608 3044 non
625 2979 759 3044 benefici
776 2999 882 3062 neque
904 2976 1069 3065 liberales,
1093 2983 1150 3048 sed
1245 2987 1246 3054 ζ

144 3065 318 3151 perniciosi
336 3063 558 3131 adsentatores
576 3067 737 3133 iudicandi
755 3070 839 3151 sunt,
863 3070 897 3131 et
918 3068 975 3152 qui
997 3068 1070 3134 eliis
1093 3091 1150 3136 no·
1245 3091 1246 3134 l

144 3157 227 3237 cent,
244 3158 283 3218 ut
299 3154 334 3218 in
352 3151 433 3218 elios
447 3154 599 3219 liberale·
622 3155 697 3240 sint,
714 3155 749 3219 in
763 3155 875 3220 eadem
890 3160 966 3221 sunt
978 3157 1149 3242 iniustitia,
1245 3159 1246 3196 ³

92 3253 125 3304 43
144 3244 182 3304 ut
213 3241 242 3304 si
272 3239 308 3306 in
339 3259 432 3306 suem
458 3259 527 3306 rem
555 3243 661 3307 aliene
686 3247 885 3308 convertent.
930 3241 1013 3310 Sunt
1040 3251 1150 3312 eutem
1245 3251 1246 3330 g

144 3327 248 3410 multi,
272 3332 305 3392 et
328 3329 456 3414 quidem
480 3328 597 3413 cupidi·
610 3330 788 3415 splendoris
806 3335 841 3396 et
860 3333 993 3430 gloriae,
1015 3334 1071 3418 qui
1088 3335 1149 3400 eri·
1163 3353 1192 3396 es
1245 3355 1246 3368 ¹

10 3415 12 3419 ’
142 3415 238 3500 piunt
261 3415 344 3499 eliis,
367 3416 453 3501 quod
476 3416 549 3482 aliie
572 3418 761 3504 largientur,
783 3419 870 3506 iique
893 3421 1095 3488 arbitrentur
1114 3443 1149 3489 se

144 3502 303 3568 beneficos
326 3503 361 3568 in
383 3525 458 3570 suos
482 3505 602 3571 emices
625 3507 731 3571 visum
753 3507 802 3591 iri,
826 3508 854 3572 ei
871 3509 1070 3595 locupletent
1092 3533 1164 3578 eoe-
