2542 3950
158 157 224 222 422
353 155 394 210 IN
412 153 441 212 0.
461 155 665 210 SALUSTIUM
683 155 970 211 conunovnusm.

157 317 254 404 gulae
281 317 529 403 impudicissimi
558 316 705 402 corporis
737 319 892 401 quaestus
923 316 1074 384 sufficere
1107 339 1181 386 non

157 405 267 492 potuit
293 410 328 470 et
355 409 445 472 aetas
473 410 531 472 tna
552 405 620 471 iam
642 405 683 470 ad
706 427 744 470 ea
766 405 933 490 patienda,
958 427 1046 489 quae
1074 407 1180 472 alteri

157 495 263 560 secere
289 493 507 576 collibuisset,
536 494 734 577 exoleverat,
765 491 1000 578 cupiditatibus
1032 493 1180 560 infinitis

159 583 358 667 offerebatis,
384 586 435 664 ut,
465 605 547 667 quae
569 582 642 666 ipse
660 581 791 666 corpori
812 585 870 646 tuo
893 581 1005 666 turpia
1026 603 1096 647 non
1120 583 1179 648 ‹ln-

109 689 141 738 14
158 672 275 754 xisses,
305 671 343 736 ιι
372 670 447 736 aliis
477 670 676 754 experireris.
725 667 779 734 Ita
808 690 877 734 non
907 674 959 734 est
989 669 1088 736 facile
1124 693 1179 737 ιι·
1206 689 1219 729 ⁵

158 764 287 845 putare,
314 763 424 844 patres
447 758 637 842 conscripti,
663 761 773 824 utrum
799 757 1081 824 inhonestioribus
1105 781 1178 824 eor·
1253 767 1254 852 l

158 848 247 932 poris
275 847 424 932 partibus
452 869 522 914 rem
548 845 723 930 quaesierit
751 868 795 910 sn
820 845 977 912 amiserit.
1026 845 1177 912 Domum
1253 859 1254 862 ’

157 941 329 1021 paternam
355 936 433 1001 rivo
458 939 553 1020 patre
579 935 728 1000 venalem
759 933 888 1016 munt,
918 933 1077 999 vendidit.
1130 935 1178 1000 Et

160 1025 309 1108 cuiquam
332 1022 466 1088 dubium
487 1026 598 1108 potest
620 1044 700 1106 esse,
717 1022 801 1105 'quin
822 1021 906 1086 mori
924 1022 1071 1108 notgerit
1089 1045 1177 1104 enm,

159 1134 223 1196 quo
251 1111 304 1178 hic
330 1112 473 1178 nondum
501 1115 629 1176 mortuo
652 1132 711 1195 pro
735 1109 851 1176 herede
875 1110 1015 1196 gesserit
1038 1111 1177 1177 omnia?
1192 1129 1220 1169 ιι

158 1199 272 1284 Neque
299 1200 400 1284 pudet
426 1222 499 1264 eum
522 1223 543 1264 a
569 1221 620 1264 me
648 1218 815 1298 quaerere,
842 1197 914 1281 quis
941 1221 978 1262 111
999 1197 1036 1264 P
1059 1197 1178 1264 Grassi

159 1289 254 1353 domo
286 1288 430 1370 habitet,
466 1309 541 1354 oum
576 1287 646 1372 ipse
662 1286 871 1370 respondere
902 1290 1062 1370 nequeat,
1098 1289 1176 1372 quis

157 1376 193 1441 ιι
220 1377 325 1461 ipsius
349 1338 478 1441 habitet
504 1378 641 1460 paterna
667 1374 771 1440 domo.
815 1373 862 1440 At
884 1369 1034 1440 hercules
1058 1374 1175 1460 lapsus

159 1465 277 1530 aetatis
299 1464 450 1530 tirocinio
473 1467 589 1548 postea
611 1484 646 1528 se
669 1463 816 1528 correxit.
861 1461 937 1527 Non
958 1462 1008 1527 ιιι
1031 1467 1093 1544 est,
1091 1398 1176 1529 psrerd
1253 1469 1254 1494 ³

160 1553 273 1618 abiit
264 1575 299 1617 m
321 1552 510 1618 sodalicium
535 1551 699 1636 sacrilegii
715 1549 891 1636 Nigidiani,
913 1550 966 1614 bis
989 1513 1106 1616 indicis
1131 1551 1176 1616 ad
1191 1569 1218 1609 ιι

160 1640 316 1706 subsellia
334 1643 495 1704 attractus
514 1643 659 1704 extrema
677 1639 808 1704 fortuna
826 1638 920 1703 stetit
938 1642 972 1704 et
990 1638 1039 1704 ita
1053 1639 1176 1705 disces-
1253 1701 1254 1716 ,

161 1728 218 1811 ιι,
190 1732 282 1792 ιιι
308 1749 375 1792 ιιι
401 1727 454 1792 hic
480 1727 633 1792 innocens
662 1749 746 1810 esse,
774 1726 830 1793 sed
856 1726 978 1791 iudices
1005 1727 1176 1812 peierasse
1253 1741 1254 1744 ’

111 1832 140 1882 15
160 1816 431 1882 existimarentur.
464 1814 617 1880 Primum
640 1778 827 1881 honoiem'
817 1837 852 1880 ιι
874 1819 1052 1898 quaestura
1073 1815 1175 1901 adep-

158 1909 213 1970 ιιι
241 1904 265 1987 †
292 1907 421 1970 secutus
449 1908 499 1968 est
526 1903 612 1969 hune
638 1904 801 1968 loeumet
827 1903 913 1968 hunc
940 1903 1088 1968 ordinem
1115 1903 1175 1968 de-

160 1996 298 2078 spectus,
321 1992 411 2058 cuius
435 1992 542 2057 aditus
566 1991 629 2056 sibi
651 2013 778 2075 quoque
802 1990 1025 2056 sordidissimo
1043 1991 1175 2058 homini
1188 2010 1217 2050 ²⁰

158 2081 328 2166 patuisset.
372 2080 488 2164 ltaque
510 2079 645 2162 timens,
669 2101 710 2144 ne
737 2079 882 2144 facinora
910 2079 978 2144 eius
1001 2079 1087 2144 elam
1109 2101 1174 2145 ros
1253 2139 1254 2148 ,

160 2172 277 2246 essent,
300 2189 373 2232 cnm
396 2167 547 2232 omnibus
568 2129 712 2232 matium
733 2167 981 2232 familiarum
950 2167 1030 2233 ruris
1052 2189 1174 2252 oppre
1253 2159 1254 2250 i

158 2255 232 2320 brie
255 2258 351 2338 esset,
372 2253 539 2319 confessus
562 2259 613 2318 est
634 2255 727 2320 vobis
749 2255 954 2321 audientibus
973 2255 1173 2322 adulterium
1253 2253 1254 2324 l

121 2343 262 2428 bneque
286 2305 415 2408 erubuit
400 2346 498 2408 tora
519 2347 630 2409 vestra
631 2342 825 2427 ‚vixeris
852 2344 1008 2428 utlibet,
1035 2341 1172 2428 Salusti,
1253 2311 1254 2394 l

160 2433 279 2518 egeris,
306 2454 389 2516 quae
410 2431 565 2532 voluerim
592 2394 674 2496 satis
700 2431 744 2496 sit
766 2453 866 2497 unum
888 2435 923 2496 te
944 2394 1077 2497 turinum
1100 2453 1173 2496 sce·
1186 2449 1214 2490 ιι

159 2521 264 2584 lerum
282 2541 352 2584 esse
371 2519 549 2603 conscium,
565 2519 635 2584 noli
650 2519 747 2584 nohis
760 2520 953 2605 languerem
966 2524 1002 2584 et
1016 2541 1172 2606 soporem

158 2608 294 2674 nimium
317 2608 525 2693 exprobrare3
549 2629 660 2672 sumus
684 2607 856 2694 diligentes
879 2607 916 2672 ιιι
936 2608 1057 2673 tuenda
1076 2607 1171 2692 pudi-

159 2697 237 2762 citia
254 2717 391 2761 uxorum
408 2700 604 2775 nostrarum,
626 2695 683 2761 sed
699 2696 748 2760 ita
765 2697 945 2782 experrecti
962 2718 1029 2761 non
1046 2717 1171 2779 snmus,

159 2788 196 2850 ιι
224 2807 243 2850 ι
269 2788 303 2848 te
330 2806 444 2850 narare
470 2785 647 2870 pessimum
678 2784 813 2850 audacia
843 2788 903 2849 tua
931 2784 1032 2851 vineit
1058 2783 1170 2848 studia

111 2885 141 2937 ιι
159 2876 280 2938 ιοιιιι.
316 2873 451 2957 quued
468 2873 553 2938 hune
572 2894 701 2938 morere
718 2872 834 2958 possit,
852 2877 964 2958 patres
982 2871 1171 2955 conscripti,
1183 2888 1208 2931 ιι

158 2961 280 3027 factum
303 2961 417 3027 auditu
439 2964 543 3046 turpe,
566 2983 662 3046 quern
683 2982 752 3026 non
772 2960 925 3046 puduerit
944 2961 1055 3046 pelam
1072 2959 1169 3025 vobis

159 3049 363 3114 audientibus
387 3049 582 3114 adulterium
605 3048 773 3116 confiteri?
806 3047 929 3124 Quodsi
950 3049 1014 3113 tibi
1034 3069 1094 3132 per
1115 3070 1169 3114 me

157 3137 240 3202 nihil
266 3137 460 3222 respondere
487 3138 677 3221 voluissem,
704 3136 760 3202 sed
787 3137 871 3202 illud
896 3136 1079 3202 censorium
1103 3136 1168 3202 elo-

159 3225 248 3309 gium
269 3225 357 3310 Appi
375 3223 542 3290 Claudiet
559 3225 596 3290 L.
614 3225 751 3308 Pisonis,
774 3225 1059 3311 integerrimorum
1081 3223 1167 3290 viro-

158 3332 244 3392 rum,
276 3334 341 3395 que
367 3334 445 3378 usus
472 3317 523 3378 est
551 3313 687 3398 quisque
712 3335 839 3397 eornm,
867 3335 927 3398 pro
955 3313 1029 3398 lege
1056 3312 1167 3397 pelam
1180 3329 1206 3370 ιι

157 3397 316 3461 universis
335 3399 514 3478 recitarem,
532 3422 639 3466 nonne
657 3401 720 3465 tibi
736 3401 863 3466 viderer
877 3401 1049 3465 aeternas
1039 3419 1167 3466 inurere

158 3483 316 3565 maculas,
349 3506 429 3566 quas
460 3449 587 3571 reliqua
617 3488 688 3554 vita
717 3491 776 3552 tua
805 3489 913 3554 eluere
939 3509 1006 3554 non
1031 3487 1166 3574 posset?
