2504 3950
300 209 368 265 LIB.
386 211 408 265 Ι.
446 209 522 268 CAP.
540 215 654 266 42-44.
691 216 707 276 ἓ
727 216 873 268 rol-15⁷.
1048 213 1091 278 53

91 369 136 455 sit,
157 370 186 434 si
207 371 302 435 nulle
319 371 404 437 actio
422 393 529 436 rerum
548 375 771 457 consequatur.
807 369 858 437 Ea
875 376 986 438 autem
1004 374 1091 439 actio

89 459 118 522 in
137 458 307 523 hominum
329 458 507 525 commodis
529 459 656 525 tuendis
680 459 820 524 maxime
842 460 998 544 cernitur3
1019 482 1091 546 per

88 545 163 610 tinet
185 545 291 631 igitur
313 547 354 612 ad
376 547 565 613 societatem
589 547 715 633 generis
738 547 886 630 humani3
908 569 987 634 ergo
1009 549 1091 615 haec

87 633 262 720 cognitioni
284 635 509 719 anteponenda
531 639 590 700 est.
634 634 743 718 Atque
764 635 799 699 id
823 635 967 720 optimus
991 637 1142 721 quis-154

66 735 142 804 ⁵que
167 742 204 788 re
231 723 306 807 ipsa
332 722 475 788 ostendit
502 726 535 788 et
561 722 691 788 iudicat.
736 721 815 798 Quis
839 723 924 787 enim
947 727 998 788 est
1020 728 1090 791 tam

86 808 213 894 cupidus
232 810 269 875 in
285 810 511 895 perspicienda
529 803 813 897 cognoscendaque
831 831 940 876 rerum
962 815 1089 896 natura,

85 902 125 979 ut,
136 897 164 962 si
178 898 209 962 ei
218 899 378 964 tractanti
392 899 690 983 contemplantique
703 919 756 964 res
770 899 954 983 cognitione
969 899 1089 984 dignis-

86 984 175 1050 simas
190 986 305 1050 subito
319 987 363 1050 sit
375 986 513 1051 allatum
521 986 700 1070 periculum
709 986 944 1072 discrimenque
953 987 1089 1072 patriae,

86 1072 129 1136 cni
146 1073 323 1138 subvenire
341 1073 559 1158 opitularique
575 1075 690 1160 possit,
707 1095 773 1140 non
790 1074 850 1139 illa
867 1076 976 1140 omnia
994 1076 1089 1142 relin-

55 1165 282 1245 aquosaeque
306 1161 435 1245 abiciat,
457 1162 587 1226 etiamsi
609 1162 812 1226 dinumerare
835 1183 870 1226 se
893 1163 1007 1228 stellas
1031 1168 1090 1229 aut

17 1253 19 1260 '
85 1249 185 1313 metiri
213 1249 329 1314 mundi
356 1249 614 1335 magnitudinem
640 1269 736 1333 posse
763 1248 963 1315 arbitretur?
991 1255 1088 1335 atque

85 1335 138 1402 hoe
158 1336 250 1402 idem
272 1337 308 1402 in
329 1337 484 1423 parentis,
505 1337 541 1402 in
562 1336 658 1402 amici
676 1357 712 1400 re
730 1339 787 1400 aut
804 1336 948 1420 periculo
966 1337 1088 1403 fecerit.

85 1423 200 1498 Quibus
229 1425 329 1490 rebus
355 1425 557 1510 intellegitur
580 1423 696 1489 studiis
720 1423 898 1508 officiisque
921 1424 1075 1490 scientiae
1091 1439 1140 1490 155

84 1513 309 1598 praeponenda
335 1534 405 1578 esse
433 1513 540 1579 officia
565 1511 725 1596 iustitiae,
752 1533 835 1595 quae
861 1512 1024 1596 pertinent
1047 1511 1089 1578 ed

54 1600 248 1666 ¹⁵hominum
267 1600 455 1686 utilitatem,
476 1622 541 1686 qua
557 1600 641 1665 nihil
659 1599 785 1665 homini
803 1620 872 1664 esse
891 1598 987 1665 debet
1006 1600 1088 1666 auti-

84 1689 178 1770 quius.
226 1687 339 1772 Atque
366 1689 430 1773 illi,
462 1709 599 1780 quorum
627 1687 735 1753 studia
761 1687 892 1770 vitaque
920 1687 1025 1753 omnis
1052 1687 1140 1752 in44

83 1797 183 1842 rernm
197 1776 388 1862 cognitione
401 1780 533 1842 versata
546 1779 605 1860 est,
622 1780 733 1842 tamen
751 1775 792 1840 ab
812 1775 967 1860 augendis
985 1776 1088 1840 homi·

82 1883 153 1930 num
178 1864 384 1929 utilitatibus
412 1869 445 1929 et
472 1863 648 1930 commodis
674 1884 742 1927 non
767 1865 983 1945 recesserunt,
1011 1885 1089 1928 nam

84 1955 112 2015 et
132 1952 345 2017 erudiverunt
362 1953 494 2036 multoe,
517 1973 581 2035 quo
600 1950 750 2017 meliores
770 1949 856 2014 ciues
875 1949 1088 2034 utilioresque

53 2040 171 2105 urebas
200 2040 271 2105 suis
299 2039 438 2124 publicis
466 2043 587 2123 essent,
614 2043 652 2104 ut
678 2037 869 2102 Thebanum
891 2036 1088 2122 Epaminon·

84 2125 150 2192 dam
180 2127 281 2212 Lysis
313 2127 556 2213 Pythagoreus,
587 2124 793 2210 Syracosium
823 2124 964 2190 Dionem
991 2124 1088 2190 Plato

84 2216 241 2300 multique
262 2214 394 2300 multos,
416 2236 539 2298 nosque
560 2215 635 2298 ipsi,
658 2213 808 2298 quicquid
832 2212 874 2278 ad
895 2235 965 2278 rem
983 2212 1089 2298 publi-

85 2321 147 2367 cam
170 2302 360 2385 attulimus,
383 2303 411 2367 si
434 2303 529 2368 modo
553 2301 675 2386 aliquid
698 2301 886 2386 attulimus,
908 2323 928 2367 a
951 2301 1089 2366 doctori-

83 2387 137 2454 bus
159 2396 263 2476 atque
286 2391 434 2456 doctrina
458 2389 610 2455 instructi
638 2389 679 2456 ad
702 2411 774 2454 earn
796 2392 831 2454 et
852 2388 960 2454 ornati
983 2407 1088 2453 acces·

53 2487 73 2528 ²⁵
84 2476 187 2544 simus.
225 2476 341 2562 Neque
364 2479 470 2544 solum
492 2478 559 2543 vivi
581 2481 678 2561 atque
700 2480 887 2562 praesentes
911 2476 1073 2541 studiosos
1090 2487 1140 2540 lte

84 2563 222 2632 discendi
250 2566 400 2631 erudiunt
427 2569 524 2650 atquc
551 2565 680 2648 docent,
708 2565 763 2628 sed
790 2564 855 2630 hoc
879 2563 965 2638 idem
988 2564 1089 2630 etiam

83 2657 153 2734 post
165 2657 310 2720 mortem
327 2653 545 2718 monumentis
564 2653 748 2718 litterarum
767 2655 991 2735 assequuntur.
1018 2649 1088 2716 Nec

84 2741 162 2806 enim
176 2743 272 2807 locus
285 2740 372 2806 ullus
387 2745 437 2806 est
454 2740 702 2824 praetermissus
722 2738 763 2803 ab
781 2738 831 2823 iis,
854 2738 910 2822 qui
929 2738 970 2802 ad
988 2737 1090 2822 leges,

84 2829 134 2910 qui
160 2830 204 2894 ad
232 2850 352 2912 mores,
385 2829 441 2912 qui
468 2828 508 2893 ad
536 2827 742 2913 disciplinam
767 2825 815 2890 rei
841 2824 991 2910 publicae
1018 2845 1088 2909 per·

52 2923 73 2966 ³⁰
83 2915 207 3000 tineret,
225 2921 263 2981 ut
282 2916 385 2981 otium
404 2937 498 2981 suurn
512 2916 553 2980 ad
566 2919 714 2981 nostrum
727 2913 896 3000 negotium
910 2913 1088 2978 contulisse

83 3004 259 3070 uideantur.
294 3003 348 3069 lta
367 3004 419 3068 illi
440 3003 505 3089 ipsi
527 3002 696 3070 doctrinae
716 3000 832 3067 studiis
856 3004 889 3065 et
908 3000 1088 3085 sapientiae

84 3089 179 3157 dediti
202 3093 244 3157 ad
266 3092 435 3158 hominnm
457 3091 636 3158 utilitatem
659 3111 751 3156 suam
770 3087 977 3174 prudentiam
994 3087 1088 3154 intel-

84 3177 321 3264 legentiamque
338 3179 546 3266 potissimum
566 3177 749 3261 conferunt3
773 3177 814 3242 ob
833 3197 969 3260 eamque
989 3174 1089 3242 etiam

85 3286 212 3334 caueam
239 3268 348 3352 eloqui
375 3268 518 3352 copiose,
549 3267 644 3332 modo
673 3264 862 3351 prudenter,
894 3263 1009 3330 melius
1038 3267 1089 3328 est

55 3361 177 3436 ³⁶(queem
204 3357 257 3420 uel
285 3355 470 3420 acutissime
498 3355 568 3418 sina
594 3353 779 3438 eloquentia
810 3352 969 3438 cogitare,
1002 3350 1089 3436 quod

86 3442 236 3527 cogitatio
258 3442 295 3506 in
322 3463 356 3506 se
378 3443 452 3526 ipsa
472 3443 625 3526 vertitur,
652 3440 839 3524 eloquentia
861 3439 1088 3523 complectitur

87 3547 147 3613 eos,
168 3531 360 3615 quibuscum
383 3529 614 3595 communitate
632 3527 735 3592 iuncti
754 3547 872 3592 sumus.
909 3524 1019 3607 Atque
1037 3525 1073 3584 ut
1089 3535 1117 3582 rc
