2504 3950
363 202 427 259 ula.
448 203 497 258 111.
526 201 604 259 cnr.
623 209 700 260 r-c.
728 209 876 270 §er-aa.
1043 203 1112 272 ¹101

104 365 294 432 civitatibus
313 365 471 451 regnandi
493 365 638 450 existunt
659 365 869 450 cupiditates,
891 366 1008 450 quibus
1031 366 1113 432 nihil

102 475 164 519 nec
194 453 335 519 taetrius
363 474 424 517 nec
455 451 581 518 foedius
609 453 788 539 excogitari
813 458 933 538 potest.
980 453 1114 522 Emolu-

103 545 217 607 menta
240 541 326 606 enim
348 561 457 606 rernm
478 539 651 624 fallacibus
674 540 801 608 iudiciis
823 541 948 625 vident,
974 563 1114 626 poenam

103 651 171 696 non
194 629 265 695 dieo
289 629 412 714 legum,
440 629 542 714 quim·
561 650 657 714 saepe
678 634 919 713 perrumpunt,
933 631 988 694 scd
1010 631 1113 714 ipsius

77 717 332 803 stnrpitudinis,
355 739 437 800 quae
456 717 665 784 acerbissima
683 721 748 801 est,
764 737 831 782 non
849 716 969 782 rident.
1009 716 1113 793 Quam
1131 735 1165 784 3⁷

104 807 147 871 ob
175 827 246 870 rem
273 804 336 870 hoe
363 804 493 888 quidem
520 805 769 870 deliberantium
797 825 899 890 genus
925 805 1069 890 pellatur
1096 827 1113 870 e

103 893 211 958 medio
240 889 305 977 (est
333 893 418 958 enim
450 897 564 960 totum
585 893 778 958 sceleratum
804 897 839 962 et
866 892 1027 980 impium),
1055 893 1114 978 qui

104 981 302 1064 deliberant,
330 984 440 1046 utrum
467 981 500 1046 id
529 984 714 1065 sequantur,
737 981 823 1065 quod
845 981 1020 1048 honestum
1043 1003 1114 1049 esse

103 1069 253 1152 videant,
280 1090 324 1132 an
350 1089 384 1136 se
408 1069 546 1136 scientes
569 1070 689 1135 scelere
712 1069 948 1154 contaminent,
979 1070 1014 1134 in
1040 1071 1114 1155 ipsa

67 1176 92 1216 ro
105 1157 193 1224 enim
217 1157 420 1224 dubitatione
442 1157 566 1224 lacinus
583 1157 682 1240 inest,
701 1157 830 1224 etiamsi
848 1157 890 1223 ad
909 1157 943 1224 id
960 1179 1027 1226 non
1044 1179 1113 1243 per·

104 1245 264 1310 venerint.
308 1243 399 1330 Ergo
426 1267 464 1310 ee
491 1245 699 1310 deliberanda
721 1245 853 1313 omnino
874 1266 941 1312 non
964 1250 1053 1332 sunt,
1080 1247 1114 1312 in

104 1333 225 1418 quibus
249 1336 300 1398 est
321 1333 427 1417 turpis
448 1334 521 1418 ipsa
543 1333 745 1400 deliberatio.

171 1420 283 1503 Atque
307 1420 406 1487 etiam
429 1443 468 1486 ex
495 1421 582 1487 omni
605 1419 836 1488 deliberatione
860 1420 986 1487 celandi
1008 1425 1043 1485 et
1065 1443 1114 1490 oc

103 1509 252 1576 'cultandi
279 1529 354 1592 spes
382 1509 555 1593 opinioque
581 1509 776 1576 removenda
804 1512 862 1574 est.
910 1506 1000 1576 'Satis
1028 1509 1114 1576 enim

66 1613 92 1654 1⁵
103 1597 215 1680 nobis,
234 1596 263 1661 si
285 1596 381 1662 modo
400 1596 434 1662 in
451 1597 660 1683 philosophia
678 1597 801 1680 aliquid
818 1595 1027 1683 profecimus,
1044 1618 1115 1681 per·

104 1706 240 1752 suasum
264 1705 334 1750 esse
357 1683 466 1768 debet,
490 1685 518 1749 si
541 1707 652 1752 omnes
676 1684 986 1770 deoshorninesquc
1010 1687 1114 1751 celare

105 1773 285 1857 possimne,
306 1772 389 1838 nihil
412 1777 522 1838 tamen
545 1794 654 1856 avare,
676 1773 759 1838 nihil
781 1773 913 1856 iniuste,
936 1774 1019 1841 nihil
1042 1775 1114 1841 libi·

105 1861 233 1942 dinose,
255 1859 338 1926 nihil
361 1860 599 1926 incontinenter
622 1881 692 1928 esse
713 1860 905 1926 faciendum.
950 1861 1034 1926 Hinc
1057 1862 1114 1927 ille
1132 1841 1153 1904 9

105 1947 218 2034 Gyges
236 1947 400 2014 inducitur
418 1948 601 2032 aPlatcne,
620 1949 689 2034 qui,
707 1970 780 2012 cum
802 1952 891 2022 terra
914 1948 1114 2014 discessisset

68 2053 92 2094 n
105 2037 237 2122 magnis
252 2036 446 2119 quibusdam
459 2037 632 2120 imbribus,
651 2036 815 2102 deseendit
832 2037 867 2100 in
879 2035 974 2102 illum
988 2034 1115 2104 hiatum

100 2130 309 2209 -adneumque
331 2145 461 2209 equum,
492 2129 530 2190 ut
560 2124 669 2190 ferunt
700 2123 845 2208 fabulae,
876 2124 1115 2204 animadvertit,

105 2213 198 2278 cuius
221 2211 257 2276 in
279 2212 436 2278 lateribus
458 2212 545 2278 fores
569 2216 691 2295 essent,
713 2212 830 2296 quibus
853 2213 975 2297 apertis
998 2235 1115 2298 corpus

105 2299 250 2366 hominis
278 2301 400 2366 mortui
425 2299 507 2366 vidit
534 2300 756 2386 magnitudine
778 2300 948 2366 invisitata
970 2302 1116 2368 anulum·

106 2410 169 2472 que
193 2407 328 2468 aureum
350 2389 385 2453 in
408 2388 528 2474 digito,
553 2410 649 2472 quem
675 2393 714 2452 ut
736 2389 891 2473 detraxit,
917 2389 987 2473 ipse
1009 2389 1116 2454 induit

69 2492 92 2532 ιι
106 2473 196 2562 (eret
222 2479 332 2544 autem
358 2477 468 2562 regius
495 2475 636 2562 pastor),
658 2480 728 2542 tum
751 2477 786 2541 in
808 2477 980 2544 concilium
1003 2498 1037 2542 se
1061 2499 1116 2562 pa·

106 2568 235 2630 storum
253 2564 384 2648 reecpit.
419 2564 470 2630 Ibi
489 2587 561 2630 eum
584 2565 693 2649 pelam
713 2564 781 2630 eius
804 2565 893 2630 anuli
912 2565 954 2630 ad
970 2567 1116 2651 palmam

105 2656 328 2735 converterat,
355 2675 377 2718 a
396 2652 488 2717 nullo
511 2652 691 2736 videbatur,
712 2652 784 2737 ipse
807 2655 916 2718 autem
939 2654 1049 2719 omnia
1070 2654 1116 2718 vi·

106 2740 221 2824 debat3
247 2739 334 2807 idem
356 2761 468 2807 rursus
491 2738 670 2825 videbatur,
698 2761 770 2806 cum
794 2740 828 2804 in
851 2739 959 2805 locum
982 2740 1115 2808 anulum

106 2828 296 2895 inverterat.
331 2827 447 2913 Itaque
464 2828 526 2894 hae
544 2827 766 2913 oportunitate
785 2827 875 2892 anuli
888 2848 966 2893 usus
984 2827 1117 2913 reginae

72 2931 95 2974 ιι
108 2921 260 3001 stuprum
278 2916 391 2982 intulit
409 2938 510 3000 eaque
529 2917 683 2982 adiutrice
706 2936 818 3002 regem
837 2915 1002 2980 dominum
1020 2916 1117 2981 inter·

108 3006 202 3088 emit,
226 3005 373 3089 sustulit,
397 3005 638 3089 quoscbstarc
666 3004 898 3088 arbitrabatur,
924 3004 1040 3068 necin
1063 3003 1114 3068 his

109 3114 181 3158 enm
204 3091 404 3161 facinoribus
427 3092 598 3177 quisquam
620 3093 729 3178 potuit
750 3092 868 3160 ridere.
894 3089 962 3156 'Sic
984 3095 1116 3175 repente

109 3180 200 3246 anuli
226 3180 384 3247 beneficio
410 3202 467 3247 rex
495 3183 625 3249 exortus
649 3185 700 3246 est
721 3179 852 3264 Lydiae.
896 3178 992 3248 Hunc
1014 3178 1116 3265 igitur

110 3267 217 3352 ipsum
241 3268 376 3338 anulum
405 3269 433 3332 ri
455 3268 576 3336 habeat
599 3269 741 3353 sapiens,
768 3269 872 3334 nihilo
895 3268 970 3354 plus
994 3265 1057 3332 sibi
1080 3267 1117 3333 li·

2 3409 4 3464 ,
79 3369 180 3421 ttuere
207 3359 303 3440 putet
329 3378 474 3442 peccare,
511 3378 609 3441 quam
641 3357 669 3420 si
696 3376 763 3421 non
794 3357 944 3439 haberet,
979 3355 1117 3422 honesta

1 3468 2 3493 ι
113 3443 196 3513 enim
238 3444 334 3510 bonis
378 3444 471 3528 viris,
515 3465 581 3510 non
628 3444 756 3511 occulta
792 3447 998 3529 quaeruntur.
1057 3442 1142 3508 Ati

115 3551 173 3614 que
203 3530 266 3598 hoo
297 3531 370 3600 loeo
401 3532 589 3618 philosophi
619 3531 763 3616 quidam,
795 3532 928 3598 minime
959 3530 1039 3598 mali
1065 3528 1117 3594 illi
