2542 3950
315 191 526 248 POEMATUM.
545 191 580 248 H.
599 192 638 246 IV
656 208 674 245 5
691 209 717 246 v.
737 198 885 248 ess-612.
1041 191 1105 258 377

8 355 284 439 t3OInflexoque
308 375 394 441 genu
415 355 560 440 proiecto
584 376 718 438 corpore
741 351 867 418 Taurus
930 419 934 425 ,

94 443 142 508 Et
165 442 293 508 Gemini
316 442 440 507 clarum
463 443 622 507 iactantes
644 442 770 507 lucibus
793 443 911 527 ignem.

95 531 187 596 Haec
210 528 265 595 Sol
289 535 420 595 esterno
444 531 606 596 convestit
628 530 749 594 lumine
772 530 933 613 lustrans,

95 619 217 684 Annua
238 619 409 684 conficiens
432 618 572 683 vertenti
594 623 745 702 tempore
767 639 870 682 cursu.

95 705 161 772 Hic
184 710 344 790 quantum
364 707 460 771 terris
484 727 644 771 convexus
667 706 801 790 pellitur
824 704 927 788 orbis,
1054 721 1105 770 555

7 804 84 865 335
96 794 302 860 Tantundem
324 794 381 858 ille
404 799 519 879 patens
544 815 660 878 supera
683 794 876 859 mortalibus
900 792 992 858 cedit

97 881 161 947 Sex
184 883 274 948 omni
296 903 423 967 semper
446 882 564 948 cedunt
586 882 732 946 15555515
754 885 862 963 nocte,
912 907 914 912 ·

98 970 163 1035 Tot
185 971 310 1035 caelum
331 991 445 1034 rursus
467 969 628 1056 fugientis,
650 970 744 1056 signe
766 969 920 1034 revisunt,

97 1057 170 1124 Hoc
193 1058 335 1143 spatium
357 1063 492 1123 5515555
516 1058 618 1122 555515
640 1080 705 1124 nox
728 1058 857 1123 conficit
879 1056 1018 1140 umbris,

99 1145 192 1222 Quod
215 1167 332 1231 supero
354 1151 458 1211 terres
481 1146 587 1231 primu
610 1146 649 1210 de
670 1150 767 1210 nocte
788 1145 937 1210 relictum
1053 1161 1105 1210 555

7 1245 87 1308 340
99 1233 262 1320 Signifero
286 1255 326 1300 ex
348 1235 426 1299 orbe
449 1239 499 1299 est
522 1238 555 1298 55
578 1234 746 1318 signorum
770 1233 880 1298 ordine
902 1232 1032 1298 fultum.

144 1321 266 1398 Quodsi
289 1319 375 1386 Solis
398 1343 473 1388 aves
497 1325 602 1387 certos
626 1339 821 1407 cognoscere
842 1341 968 1404 cursus,

98 1410 199 1476 Ortus
222 1411 389 1495 signorum
411 1414 571 1475 nocturno
594 1413 740 1494 tempore
763 1410 861 1492 vises3

98 1498 185 1564 Nam
209 1520 336 1583 semper
359 1499 488 1583 siguum
511 1498 657 1562 exoriens
682 1497 780 1561 Titan
802 1497 904 1561 trehit
925 1517 1034 1561 unum.

36 1657 45 1663 ,
100 1587 158 1651 Sin
181 1591 288 1652 eutem
312 1586 455 1652 officiens
480 1587 582 1672 signis
604 1607 698 1651 mons
722 1585 873 1651 obstruet
895 1585 981 1650 51555
1054 1602 1106 1650 555

11 1684 87 1745 345
100 1675 170 1740 Α55
193 1675 336 1740 adiment
358 1675 462 1740 lucem
485 1696 580 1740 55555
603 1674 742 1759 caligine
764 1673 879 1756 nubes,

100 1762 215 1828 Certus
237 1763 308 1846 ipse
329 1767 426 1828 55555
449 1762 592 1828 euclide
615 1761 758 1846 tegmine
783 1782 912 1826 sumens

99 1851 199 1915 Ortus
223 1855 319 1934 utque
343 1851 451 1915 obitus
475 1870 586 1914 omnes
610 1870 806 1934 cognoscere
827 1847 943 1934 possis.

99 1938 188 2014 Quae
211 1939 308 2004 simul
332 1939 482 2021 55155555,
506 1958 629 2021 cernes,
653 1958 734 2020 quse
757 1941 904 2020 tempore
928 1936 1039 2001 eodem

99 2027 318 2110 Praecipitem
341 2027 480 2109 obitum,
502 2030 663 2090 nocturno
684 2029 831 2109 tempore
852 2045 975 2089 nosces
1054 2039 1106 2090 555

14 2125 88 2184 350
144 2114 214 2178 Iam
237 2114 334 2179 simul
356 2137 394 2180 55
412 2115 553 2198 primum
575 2133 693 2198 supero
716 2133 750 2176 se
773 2111 894 2176 lumine
913 2110 1064 2178 (155555

99 2201 241 2286 Extulit,
264 2203 426 2286 extemplo
450 2202 535 2267 cedit
557 2202 691 2286 delapsu
714 2199 854 2271 Coronas

98 2290 145 2356 Et
167 2291 239 2355 1555
262 2291 402 2356 55551515
424 2291 526 2355 cauda
548 2294 644 2354 tenus
665 2289 771 2354 infera
793 2289 905 2353 Piscis.

99 2377 277 2443 Dimidium
300 2379 419 2442 retinet
442 2377 546 2442 stellis
570 2377 724 2442 distinctu
746 2375 875 2444 Corona

100 2465 232 2530 Partem
246 2465 810 2549 551515555555555555115(1555555
825 2463 954 2529 revulsa
968 2468 1031 2548 est3
1054 2481 1105 2530 555

19 2562 88 2621 355
101 2552 206 2628 Quem
228 2558 339 2620 temen
360 2553 540 2637 insequitur
562 2553 663 2617 Piscis
685 2573 744 2616 nec
766 2555 856 2616 totus
880 2552 921 2616 sd
943 2554 1075 2618 umbras

101 2640 253 2726 Tractus,
275 2641 331 2706 sed
355 2661 471 2725 supero
494 2644 660 2706 contectus
684 2660 819 2722 corpore
841 2639 934 2703 cedit.

100 2729 210 2814 Atque
233 2751 361 2794 umeros
384 2749 486 2812 usque
509 2751 529 2793 5
552 2727 688 2814 genibus
711 2728 897 2810 clerumque
919 2727 1065 2792 recondit

6 2821 9 2838 '
100 2817 325 2903 Anguitenens
348 2817 464 2882 validis
487 2837 643 2902 magnum
666 2838 685 2879 5
708 2815 885 2880 cervicibus
907 2814 1066 2900 Anguem.

101 2903 171 2969 Iam
194 2927 271 2970 vero
294 2903 518 2989 Arctophylax
540 2926 606 2969 non
628 2925 731 2987 aeque
753 2906 846 2988 perte
870 2906 1009 2988 secatum
1055 2919 1106 2970 555

21 3001 91 3061 360
101 2991 187 3056 Nam
210 2992 340 3058 brevior
362 2993 451 3058 clsrs
473 2993 555 3058 55511
578 2992 616 3056 (15
639 2995 732 3075 perte
755 2989 896 3073 videtur,

101 3080 254 3165 Amplior
275 3080 419 3146 15155555
443 3081 595 3165 depulsus
618 3079 763 3165 possidet
785 3079 926 3143 umbras.

101 3167 263 3244 Quattuor
285 3168 339 3233 hic
362 3168 473 3234 obiens
497 3189 605 3233 secum
628 3167 782 3232 deducere
804 3166 900 3250 signs

102 3255 265 3341 Signifero
288 3257 373 3322 solet
395 3277 434 3321 ex
457 3256 543 3339 orbi3
565 3259 636 3320 tum
659 3255 761 3320 serius
784 3255 867 3338 ipse,

101 3343 183 3410 Cum
207 3365 323 3429 supere
346 3365 416 3408 5555
440 3343 573 3408 satiavit
595 3345 679 3426 luce,
702 3343 823 3408 recedit
1055 3356 1107 3407 oro

24 3440 88 3499 365
101 3432 182 3497 Ρ555
204 3431 343 3498 mediam
366 3431 480 3496 labens
504 3432 592 3496 clero
615 3453 688 3496 cum
711 3452 845 3515 corpore
867 3431 1004 3495 noctem.

100 3519 191 3586 Haec
214 3521 351 3586 obscure
373 3523 486 3584 tenens
510 3519 671 3585 convestit
694 3520 800 3584 sidero
823 3519 936 3602 tellus3
