<?xml version="1.0" encoding="UTF-8"?>
<!DOCTYPE html PUBLIC "-//W3C//DTD XHTML 1.0 Transitional//EN"
    "http://www.w3.org/TR/xhtml1/DTD/xhtml1-transitional.dtd">
<html xmlns="http://www.w3.org/1999/xhtml" xml:lang="en" lang="en">
 <head>
  <title>
</title>
<meta http-equiv="Content-Type" content="text/html;charset=utf-8" />
  <meta name='ocr-system' content='tesseract 3.04.00' />
  <meta name='ocr-capabilities' content='ocr_page ocr_carea ocr_par ocr_line ocrx_word'/>
</head>
<body>
  <div class='ocr_page' id='page_1' title='image "./mtulliiciceroni04mlgoog_0266.png"; bbox 0 0 2578 3950; ppageno 0'>
   <div class='ocr_carea' id='block_1_1' title="bbox 487 201 1143 271">
    <p class='ocr_par' dir='ltr' id='par_1_1' title="bbox 487 201 1143 271">
     <span class='ocr_line' id='line_1_1' title="bbox 487 201 1143 271; baseline -0.005 -14"><span class='ocrx_word' id='word_1_1' title='bbox 487 201 589 271; x_wconf 88' lang='lat' dir='ltr'><strong>n,111.</strong></span> <span class='ocrx_word' id='word_1_2' title='bbox 627 207 774 268; x_wconf 73' lang='lat' dir='ltr'><strong>a1o--ra</strong></span> <span class='ocrx_word' id='word_1_3' title='bbox 1078 202 1143 268; x_wconf 79' lang='lat'><strong>203</strong></span> 
     </span>
    </p>
   </div>
   <div class='ocr_carea' id='block_1_2' title="bbox 128 362 1144 538">
    <p class='ocr_par' dir='ltr' id='par_1_2' title="bbox 128 362 1144 538">
     <span class='ocr_line' id='line_1_2' title="bbox 130 362 1144 448; baseline 0.001 -20"><span class='ocrx_word' id='word_1_4' title='bbox 130 363 207 448; x_wconf 91' lang='lat' dir='ltr'><strong>qnid</strong></span> <span class='ocrx_word' id='word_1_5' title='bbox 231 366 282 427; x_wconf 88' lang='lat' dir='ltr'><strong>est</strong></span> <span class='ocrx_word' id='word_1_6' title='bbox 304 362 481 446; x_wconf 79' lang='lat' dir='ltr'><strong>laudabile,</strong></span> <span class='ocrx_word' id='word_1_7' title='bbox 508 363 595 428; x_wconf 90' lang='lat' dir='ltr'><strong>idem</strong></span> <span class='ocrx_word' id='word_1_8' title='bbox 624 367 657 428; x_wconf 90' lang='lat' dir='ltr'><strong>et</strong></span> <span class='ocrx_word' id='word_1_9' title='bbox 680 364 813 429; x_wconf 89' lang='lat' dir='ltr'><strong>beatum</strong></span> <span class='ocrx_word' id='word_1_10' title='bbox 836 369 868 430; x_wconf 92' lang='lat' dir='ltr'><strong>et</strong></span> <span class='ocrx_word' id='word_1_11' title='bbox 891 363 1009 430; x_wconf 88' lang='lat' dir='ltr'>florens</span> <span class='ocrx_word' id='word_1_12' title='bbox 1033 368 1066 428; x_wconf 89' lang='lat' dir='ltr'><strong>et</strong></span> <span class='ocrx_word' id='word_1_13' title='bbox 1093 385 1144 429; x_wconf 83' lang='lat' dir='ltr'><strong>ex·</strong></span> 
     </span>
     <span class='ocr_line' id='line_1_3' title="bbox 128 451 556 538; baseline -0.007 -20"><span class='ocrx_word' id='word_1_14' title='bbox 128 451 305 538; x_wconf 86' lang='lat' dir='ltr'><strong>petendum</strong></span> <span class='ocrx_word' id='word_1_15' title='bbox 328 451 432 517; x_wconf 85' lang='lat' dir='ltr'><strong>videri</strong></span> <span class='ocrx_word' id='word_1_16' title='bbox 457 451 556 518; x_wconf 84' lang='lat' dir='ltr'><strong>deest.</strong></span> 
     </span>
    </p>
   </div>
   <div class='ocr_carea' id='block_1_3' title="bbox 442 730 832 800">
    <p class='ocr_par' dir='ltr' id='par_1_3' title="bbox 442 730 832 800">
     <span class='ocr_line' id='line_1_4' title="bbox 442 730 832 800; baseline 0.01 -4"><span class='ocrx_word' id='word_1_17' title='bbox 442 730 750 799; x_wconf 84' lang='lat' dir='ltr'><strong>PARADOXON</strong></span> <span class='ocrx_word' id='word_1_18' title='bbox 772 731 832 800; x_wconf 90' lang='grc' dir='ltr'><strong>ΙΠ.</strong></span> 
     </span>
    </p>
   </div>
   <div class='ocr_carea' id='block_1_4' title="bbox 211 832 1085 923">
    <p class='ocr_par' dir='ltr' id='par_1_4' title="bbox 211 832 1085 923">
     <span class='ocr_line' id='line_1_5' title="bbox 211 832 1085 923; baseline 0 -20"><span class='ocrx_word' id='word_1_19' title='bbox 211 833 282 903; x_wconf 81' lang='grc' dir='ltr'><strong>Ὅτι</strong></span> <span class='ocrx_word' id='word_1_20' title='bbox 306 842 362 903; x_wconf 82' lang='lat' dir='ltr'><strong>lou</strong></span> <span class='ocrx_word' id='word_1_21' title='bbox 385 832 425 901; x_wconf 81' lang='grc' dir='ltr'><strong>τὰ</strong></span> <span class='ocrx_word' id='word_1_22' title='bbox 448 832 667 922; x_wconf 78' lang='grc' dir='ltr'><strong><em>ἁμαρτήματα</em></strong></span> <span class='ocrx_word' id='word_1_23' title='bbox 689 836 744 904; x_wconf 83' lang='grc' dir='ltr'><strong>καὶ</strong></span> <span class='ocrx_word' id='word_1_24' title='bbox 768 834 808 904; x_wconf 81' lang='grc' dir='ltr'><strong>τὰ</strong></span> <span class='ocrx_word' id='word_1_25' title='bbox 832 835 1085 923; x_wconf 76' lang='grc' dir='ltr'><strong><em>κατορθώματα.</em></strong></span> 
     </span>
    </p>
   </div>
   <div class='ocr_carea' id='block_1_5' title="bbox 1 955 1196 3620">
    <p class='ocr_par' dir='ltr' id='par_1_5' title="bbox 1 955 1195 2474">
     <span class='ocr_line' id='line_1_6' title="bbox 102 955 1195 1088; baseline 0.005 -48"><span class='ocrx_word' id='word_1_26' title='bbox 102 998 116 1040; x_wconf 80' lang='lat'>⁵</span> <span class='ocrx_word' id='word_1_27' title='bbox 198 979 312 1062; x_wconf 85' lang='lat' dir='ltr'><strong>Parva,</strong></span> <span class='ocrx_word' id='word_1_28' title='bbox 335 979 450 1062; x_wconf 91' lang='lat' dir='ltr'><strong>inquit,</strong></span> <span class='ocrx_word' id='word_1_29' title='bbox 473 983 523 1043; x_wconf 91' lang='lat' dir='ltr'><strong>est</strong></span> <span class='ocrx_word' id='word_1_30' title='bbox 541 1000 604 1044; x_wconf 89' lang='lat' dir='ltr'><strong>res.</strong></span> <span class='ocrx_word' id='word_1_31' title='bbox 640 979 687 1045; x_wconf 86' lang='lat' dir='ltr'><strong>At</strong></span> <span class='ocrx_word' id='word_1_32' title='bbox 705 955 825 1067; x_wconf 75' lang='lat' dir='ltr'><strong>magna</strong></span> <span class='ocrx_word' id='word_1_33' title='bbox 843 981 952 1065; x_wconf 71' lang='lat' dir='ltr'><strong>eulpa,</strong></span> <span class='ocrx_word' id='word_1_34' title='bbox 974 1001 1034 1046; x_wconf 87' lang='lat' dir='ltr'><strong>neo</strong></span> <span class='ocrx_word' id='word_1_35' title='bbox 1057 981 1144 1045; x_wconf 90' lang='lat' dir='ltr'><strong>enim</strong></span> <span class='ocrx_word' id='word_1_36' title='bbox 1162 963 1195 1088; x_wconf 55' lang='grc' dir='ltr'><strong>ἑο</strong></span> 
     </span>
     <span class='ocr_line' id='line_1_7' title="bbox 129 1066 1144 1155; baseline -0.002 -21"><span class='ocrx_word' id='word_1_37' title='bbox 129 1073 264 1155; x_wconf 88' lang='lat' dir='ltr'><strong>peooata</strong></span> <span class='ocrx_word' id='word_1_38' title='bbox 286 1089 394 1133; x_wconf 90' lang='lat' dir='ltr'><strong>rerum</strong></span> <span class='ocrx_word' id='word_1_39' title='bbox 418 1066 555 1145; x_wconf 88' lang='lat' dir='ltr'><strong>eventis,</strong></span> <span class='ocrx_word' id='word_1_40' title='bbox 583 1068 640 1134; x_wconf 83' lang='lat' dir='ltr'><strong>sed</strong></span> <span class='ocrx_word' id='word_1_41' title='bbox 666 1069 755 1134; x_wconf 85' lang='lat' dir='ltr'><strong>vitiis</strong></span> <span class='ocrx_word' id='word_1_42' title='bbox 783 1068 954 1134; x_wconf 87' lang='lat' dir='ltr'><strong>hominum</strong></span> <span class='ocrx_word' id='word_1_43' title='bbox 981 1068 1144 1134; x_wconf 88' lang='lat' dir='ltr'><strong>metienda</strong></span> 
     </span>
     <span class='ocr_line' id='line_1_8' title="bbox 130 1154 1143 1241; baseline -0.002 -19"><span class='ocrx_word' id='word_1_44' title='bbox 130 1160 216 1223; x_wconf 86' lang='lat' dir='ltr'><strong>sunt.</strong></span> <span class='ocrx_word' id='word_1_45' title='bbox 261 1154 301 1221; x_wconf 92' lang='lat' dir='ltr'><strong>In</strong></span> <span class='ocrx_word' id='word_1_46' title='bbox 328 1177 391 1240; x_wconf 93' lang='lat' dir='ltr'><strong>quo</strong></span> <span class='ocrx_word' id='word_1_47' title='bbox 419 1159 585 1239; x_wconf 77' lang='lat' dir='ltr'><strong>peccatur,</strong></span> <span class='ocrx_word' id='word_1_48' title='bbox 616 1156 650 1221; x_wconf 91' lang='lat' dir='ltr'><strong>id</strong></span> <span class='ocrx_word' id='word_1_49' title='bbox 682 1161 792 1241; x_wconf 84' lang='lat' dir='ltr'><strong>potest</strong></span> <span class='ocrx_word' id='word_1_50' title='bbox 825 1157 913 1222; x_wconf 90' lang='lat' dir='ltr'><strong>aliud</strong></span> <span class='ocrx_word' id='word_1_51' title='bbox 945 1157 1013 1236; x_wconf 62' lang='lat' dir='ltr'><strong>aliov</strong></span> <span class='ocrx_word' id='word_1_52' title='bbox 1038 1157 1143 1222; x_wconf 90' lang='lat' dir='ltr'><strong>maius</strong></span> 
     </span>
     <span class='ocr_line' id='line_1_9' title="bbox 131 1244 1143 1329; baseline -0.001 -19"><span class='ocrx_word' id='word_1_53' title='bbox 131 1266 202 1311; x_wconf 85' lang='lat' dir='ltr'><strong>esse</strong></span> <span class='ocrx_word' id='word_1_54' title='bbox 225 1248 282 1309; x_wconf 89' lang='lat' dir='ltr'><strong>ant</strong></span> <span class='ocrx_word' id='word_1_55' title='bbox 305 1245 425 1328; x_wconf 90' lang='lat' dir='ltr'><strong>minus,</strong></span> <span class='ocrx_word' id='word_1_56' title='bbox 452 1244 560 1328; x_wconf 91' lang='lat' dir='ltr'><strong>ipsum</strong></span> <span class='ocrx_word' id='word_1_57' title='bbox 583 1244 712 1328; x_wconf 87' lang='lat' dir='ltr'><strong>quidem</strong></span> <span class='ocrx_word' id='word_1_58' title='bbox 734 1244 818 1310; x_wconf 90' lang='lat' dir='ltr'><strong>illud</strong></span> <span class='ocrx_word' id='word_1_59' title='bbox 840 1266 986 1329; x_wconf 85' lang='lat' dir='ltr'><strong>peceare,</strong></span> <span class='ocrx_word' id='word_1_60' title='bbox 1014 1265 1143 1328; x_wconf 90' lang='lat' dir='ltr'>quoquo</span> 
     </span>
     <span class='ocr_line' id='line_1_10' title="bbox 130 1331 1144 1418; baseline -0.002 -20"><span class='ocrx_word' id='word_1_61' title='bbox 130 1333 282 1415; x_wconf 83' lang='lat' dir='ltr'><strong>verteris,</strong></span> <span class='ocrx_word' id='word_1_62' title='bbox 310 1354 411 1398; x_wconf 91' lang='lat' dir='ltr'><strong>unum</strong></span> <span class='ocrx_word' id='word_1_63' title='bbox 434 1335 493 1396; x_wconf 88' lang='lat' dir='ltr'><strong>est.</strong></span> <span class='ocrx_word' id='word_1_64' title='bbox 538 1331 621 1398; x_wconf 83' lang='lat' dir='ltr'><strong>Auri</strong></span> <span class='ocrx_word' id='word_1_65' title='bbox 652 1354 768 1398; x_wconf 88' lang='lat' dir='ltr'><strong>navem</strong></span> <span class='ocrx_word' id='word_1_66' title='bbox 796 1336 921 1398; x_wconf 86' lang='lat' dir='ltr'><strong>evertat</strong></span> <span class='ocrx_word' id='word_1_67' title='bbox 945 1332 1144 1418; x_wconf 80' lang='lat' dir='ltr'><strong>gubernator</strong></span> 
     </span>
     <span class='ocr_line' id='line_1_11' title="bbox 90 1419 1144 1507; baseline 0.004 -27"><span class='ocrx_word' id='word_1_68' title='bbox 90 1443 116 1481; x_wconf 82' lang='lat' dir='ltr'><strong>ro</strong></span> <span class='ocrx_word' id='word_1_69' title='bbox 132 1443 175 1487; x_wconf 85' lang='lat' dir='ltr'><strong>an</strong></span> <span class='ocrx_word' id='word_1_70' title='bbox 197 1422 325 1506; x_wconf 86' lang='lat' dir='ltr'><strong>paleae,</strong></span> <span class='ocrx_word' id='word_1_71' title='bbox 348 1421 383 1484; x_wconf 93' lang='lat' dir='ltr'><strong>in</strong></span> <span class='ocrx_word' id='word_1_72' title='bbox 405 1441 440 1485; x_wconf 90' lang='lat' dir='ltr'><strong>re</strong></span> <span class='ocrx_word' id='word_1_73' title='bbox 464 1419 682 1506; x_wconf 90' lang='lat' dir='ltr'><strong>aliquantum,</strong></span> <span class='ocrx_word' id='word_1_74' title='bbox 704 1421 739 1486; x_wconf 94' lang='lat' dir='ltr'><strong>in</strong></span> <span class='ocrx_word' id='word_1_75' title='bbox 762 1420 990 1507; x_wconf 73' lang='lat' dir='ltr'>gubernatoris</span> <span class='ocrx_word' id='word_1_76' title='bbox 1013 1420 1144 1486; x_wconf 76' lang='lat' dir='ltr'><strong>inscitia</strong></span> 
     </span>
     <span class='ocr_line' id='line_1_12' title="bbox 130 1507 1144 1594; baseline -0.001 -20"><span class='ocrx_word' id='word_1_77' title='bbox 130 1508 214 1574; x_wconf 90' lang='lat' dir='ltr'><strong>nihil</strong></span> <span class='ocrx_word' id='word_1_78' title='bbox 241 1509 387 1574; x_wconf 89' lang='lat' dir='ltr'><strong>interest.</strong></span> <span class='ocrx_word' id='word_1_79' title='bbox 433 1507 542 1594; x_wconf 81' lang='lat' dir='ltr'>Lapsa</span> <span class='ocrx_word' id='word_1_80' title='bbox 569 1514 619 1575; x_wconf 92' lang='lat' dir='ltr'><strong>est</strong></span> <span class='ocrx_word' id='word_1_81' title='bbox 646 1509 758 1576; x_wconf 88' lang='lat' dir='ltr'><strong>lubido</strong></span> <span class='ocrx_word' id='word_1_82' title='bbox 788 1510 823 1574; x_wconf 94' lang='lat' dir='ltr'><strong>in</strong></span> <span class='ocrx_word' id='word_1_83' title='bbox 855 1509 989 1574; x_wconf 88' lang='lat' dir='ltr'><strong>muliere</strong></span> <span class='ocrx_word' id='word_1_84' title='bbox 1020 1508 1144 1594; x_wconf 84' lang='lat' dir='ltr'><strong>ignota,</strong></span> 
     </span>
     <span class='ocr_line' id='line_1_13' title="bbox 131 1596 1144 1683; baseline -0.002 -20"><span class='ocrx_word' id='word_1_85' title='bbox 131 1599 226 1664; x_wconf 91' lang='lat' dir='ltr'><strong>dolor</strong></span> <span class='ocrx_word' id='word_1_86' title='bbox 249 1596 290 1662; x_wconf 92' lang='lat' dir='ltr'><strong>ad</strong></span> <span class='ocrx_word' id='word_1_87' title='bbox 312 1597 480 1682; x_wconf 80' lang='lat' dir='ltr'>pauciores</span> <span class='ocrx_word' id='word_1_88' title='bbox 503 1599 655 1683; x_wconf 87' lang='lat' dir='ltr'><strong>pertinet,</strong></span> <span class='ocrx_word' id='word_1_89' title='bbox 680 1620 779 1682; x_wconf 90' lang='lat' dir='ltr'><strong>quam</strong></span> <span class='ocrx_word' id='word_1_90' title='bbox 802 1598 830 1662; x_wconf 89' lang='lat' dir='ltr'><strong>si</strong></span> <span class='ocrx_word' id='word_1_91' title='bbox 852 1596 1003 1682; x_wconf 87' lang='lat' dir='ltr'><strong>petulans</strong></span> <span class='ocrx_word' id='word_1_92' title='bbox 1027 1596 1144 1662; x_wconf 88' lang='lat' dir='ltr'><strong>fuisset</strong></span> 
     </span>
     <span class='ocr_line' id='line_1_14' title="bbox 1 1685 1144 1772; baseline 0 -22"><span class='ocrx_word' id='word_1_93' title='bbox 1 1690 2 1715; x_wconf 66' lang='lat'>¹</span> <span class='ocrx_word' id='word_1_94' title='bbox 130 1686 166 1750; x_wconf 95' lang='lat' dir='ltr'><strong>in</strong></span> <span class='ocrx_word' id='word_1_95' title='bbox 194 1686 309 1770; x_wconf 89' lang='lat' dir='ltr'><strong>aliqua</strong></span> <span class='ocrx_word' id='word_1_96' title='bbox 332 1705 490 1771; x_wconf 84' lang='lat' dir='ltr'><strong>generosa</strong></span> <span class='ocrx_word' id='word_1_97' title='bbox 517 1708 554 1752; x_wconf 88' lang='lat' dir='ltr'><strong>ao</strong></span> <span class='ocrx_word' id='word_1_98' title='bbox 581 1686 685 1751; x_wconf 92' lang='lat' dir='ltr'><strong>nobili</strong></span> <span class='ocrx_word' id='word_1_99' title='bbox 717 1686 856 1772; x_wconf 76' lang='lat' dir='ltr'><strong>virgin03</strong></span> <span class='ocrx_word' id='word_1_100' title='bbox 887 1685 1034 1770; x_wconf 77' lang='lat' dir='ltr'><strong>peccavit</strong></span> <span class='ocrx_word' id='word_1_101' title='bbox 1066 1706 1144 1750; x_wconf 86' lang='lat' dir='ltr'><strong>vero</strong></span> 
     </span>
     <span class='ocr_line' id='line_1_15' title="bbox 130 1773 1144 1858; baseline 0 -20"><span class='ocrx_word' id='word_1_102' title='bbox 130 1773 235 1839; x_wconf 87' lang='lat' dir='ltr'><strong>nihilo</strong></span> <span class='ocrx_word' id='word_1_103' title='bbox 259 1773 380 1857; x_wconf 90' lang='lat' dir='ltr'><strong>minus,</strong></span> <span class='ocrx_word' id='word_1_104' title='bbox 403 1773 562 1858; x_wconf 92' lang='lat' dir='ltr'><strong>siquidem</strong></span> <span class='ocrx_word' id='word_1_105' title='bbox 585 1778 635 1838; x_wconf 90' lang='lat' dir='ltr'><strong>est</strong></span> <span class='ocrx_word' id='word_1_106' title='bbox 656 1795 789 1858; x_wconf 83' lang='lat' dir='ltr'><strong>peecare</strong></span> <span class='ocrx_word' id='word_1_107' title='bbox 812 1777 981 1856; x_wconf 89' lang='lat' dir='ltr'><strong>tamquam</strong></span> <span class='ocrx_word' id='word_1_108' title='bbox 1003 1773 1144 1839; x_wconf 89' lang='lat' dir='ltr'><strong>transire</strong></span> 
     </span>
     <span class='ocr_line' id='line_1_16' title="bbox 92 1860 1144 1946; baseline 0 -20"><span class='ocrx_word' id='word_1_109' title='bbox 92 1880 117 1920; x_wconf 80' lang='lat'><strong>15</strong></span> <span class='ocrx_word' id='word_1_110' title='bbox 133 1862 250 1946; x_wconf 69' lang='lat' dir='ltr'><strong>lineas,</strong></span> <span class='ocrx_word' id='word_1_111' title='bbox 278 1861 364 1946; x_wconf 88' lang='lat' dir='ltr'><strong>quod</strong></span> <span class='ocrx_word' id='word_1_112' title='bbox 387 1883 460 1926; x_wconf 87' lang='lat' dir='ltr'><strong>eum</strong></span> <span class='ocrx_word' id='word_1_113' title='bbox 482 1860 610 1944; x_wconf 84' lang='lat' dir='ltr'><strong>feceris,</strong></span> <span class='ocrx_word' id='word_1_114' title='bbox 638 1862 734 1945; x_wconf 86' lang='lat' dir='ltr'><strong>eulpa</strong></span> <span class='ocrx_word' id='word_1_115' title='bbox 757 1861 930 1926; x_wconf 87' lang='lat' dir='ltr'><strong>commissa</strong></span> <span class='ocrx_word' id='word_1_116' title='bbox 953 1864 1017 1944; x_wconf 87' lang='lat' dir='ltr'><strong>est;</strong></span> <span class='ocrx_word' id='word_1_117' title='bbox 1046 1882 1144 1944; x_wconf 92' lang='lat' dir='ltr'><strong>quam</strong></span> 
     </span>
     <span class='ocr_line' id='line_1_17' title="bbox 132 1948 1144 2035; baseline -0.003 -20"><span class='ocrx_word' id='word_1_118' title='bbox 132 1952 231 2035; x_wconf 83' lang='lat' dir='ltr'><strong>longe</strong></span> <span class='ocrx_word' id='word_1_119' title='bbox 249 1949 468 2034; x_wconf 78' lang='lat' dir='ltr'><strong>progrediere,</strong></span> <span class='ocrx_word' id='word_1_120' title='bbox 491 1971 564 2014; x_wconf 88' lang='lat' dir='ltr'><strong>oum</strong></span> <span class='ocrx_word' id='word_1_121' title='bbox 583 1949 682 2013; x_wconf 88' lang='lat' dir='ltr'><strong>semel</strong></span> <span class='ocrx_word' id='word_1_122' title='bbox 701 1948 878 2030; x_wconf 89' lang='lat' dir='ltr'><strong>transieris,</strong></span> <span class='ocrx_word' id='word_1_123' title='bbox 902 1948 943 2012; x_wconf 89' lang='lat' dir='ltr'><strong>ad</strong></span> <span class='ocrx_word' id='word_1_124' title='bbox 962 1948 1144 2033; x_wconf 86' lang='lat' dir='ltr'><strong>augendam</strong></span> 
     </span>
     <span class='ocr_line' id='line_1_18' title="bbox 133 2035 1145 2121; baseline -0.003 -19"><span class='ocrx_word' id='word_1_125' title='bbox 133 2037 322 2106; x_wconf 85' lang='lat' dir='ltr'><strong>transeundi</strong></span> <span class='ocrx_word' id='word_1_126' title='bbox 345 2038 475 2121; x_wconf 86' lang='lat' dir='ltr'><strong>eulpam</strong></span> <span class='ocrx_word' id='word_1_127' title='bbox 496 2036 580 2102; x_wconf 91' lang='lat' dir='ltr'><strong>nihil</strong></span> <span class='ocrx_word' id='word_1_128' title='bbox 602 2036 753 2121; x_wconf 76' lang='lat' dir='ltr'><strong>pertinet.</strong></span> <span class='ocrx_word' id='word_1_129' title='bbox 798 2035 935 2102; x_wconf 88' lang='lat' dir='ltr'><strong>Peooare</strong></span> <span class='ocrx_word' id='word_1_130' title='bbox 957 2039 1044 2102; x_wconf 83' lang='lat' dir='ltr'><strong>certe</strong></span> <span class='ocrx_word' id='word_1_131' title='bbox 1067 2036 1145 2101; x_wconf 86' lang='lat' dir='ltr'><strong>lieet</strong></span> 
     </span>
     <span class='ocr_line' id='line_1_19' title="bbox 1 2123 1145 2208; baseline -0.003 -17"><span class='ocrx_word' id='word_1_132' title='bbox 1 2133 2 2142; x_wconf 78' lang='grc'>’</span> <span class='ocrx_word' id='word_1_133' title='bbox 132 2125 263 2191; x_wconf 89' lang='lat' dir='ltr'><strong>nemini.</strong></span> <span class='ocrx_word' id='word_1_134' title='bbox 308 2123 402 2201; x_wconf 81' lang='lat' dir='ltr'><strong>Quod</strong></span> <span class='ocrx_word' id='word_1_135' title='bbox 425 2129 534 2191; x_wconf 90' lang='lat' dir='ltr'><strong>autem</strong></span> <span class='ocrx_word' id='word_1_136' title='bbox 556 2125 736 2208; x_wconf 87' lang='lat' dir='ltr'><strong>nonlicet,</strong></span> <span class='ocrx_word' id='word_1_137' title='bbox 765 2124 799 2190; x_wconf 92' lang='lat' dir='ltr'><strong>id</strong></span> <span class='ocrx_word' id='word_1_138' title='bbox 825 2124 888 2190; x_wconf 88' lang='lat' dir='ltr'><strong>hoo</strong></span> <span class='ocrx_word' id='word_1_139' title='bbox 914 2146 980 2191; x_wconf 92' lang='lat' dir='ltr'><strong>uno</strong></span> <span class='ocrx_word' id='word_1_140' title='bbox 1007 2128 1145 2208; x_wconf 87' lang='lat' dir='ltr'><strong>tenetur,</strong></span> 
     </span>
     <span class='ocr_line' id='line_1_20' title="bbox 1 2212 1144 2300; baseline -0.001 -21"><span class='ocrx_word' id='word_1_141' title='bbox 1 2221 2 2236; x_wconf 64' lang='lat'>¹</span> <span class='ocrx_word' id='word_1_142' title='bbox 134 2215 162 2279; x_wconf 88' lang='lat' dir='ltr'><strong>si</strong></span> <span class='ocrx_word' id='word_1_143' title='bbox 189 2213 339 2300; x_wconf 75' lang='lat' dir='ltr'><strong>arguitur</strong></span> <span class='ocrx_word' id='word_1_144' title='bbox 366 2235 432 2278; x_wconf 92' lang='lat' dir='ltr'><strong>non</strong></span> <span class='ocrx_word' id='word_1_145' title='bbox 459 2213 563 2278; x_wconf 83' lang='lat' dir='ltr'><strong>liuere.</strong></span> <span class='ocrx_word' id='word_1_146' title='bbox 608 2212 646 2277; x_wconf 92' lang='lat' dir='ltr'><strong>Id</strong></span> <span class='ocrx_word' id='word_1_147' title='bbox 674 2212 702 2276; x_wconf 92' lang='lat' dir='ltr'><strong>si</strong></span> <span class='ocrx_word' id='word_1_148' title='bbox 729 2234 789 2279; x_wconf 90' lang='lat' dir='ltr'><strong>neo</strong></span> <span class='ocrx_word' id='word_1_149' title='bbox 816 2213 920 2278; x_wconf 90' lang='lat' dir='ltr'><strong>maius</strong></span> <span class='ocrx_word' id='word_1_150' title='bbox 948 2233 1007 2278; x_wconf 85' lang='lat' dir='ltr'><strong>nee</strong></span> <span class='ocrx_word' id='word_1_151' title='bbox 1036 2213 1144 2278; x_wconf 91' lang='lat' dir='ltr'><strong>minus</strong></span> 
     </span>
     <span class='ocr_line' id='line_1_21' title="bbox 91 2301 1144 2387; baseline 0.004 -26"><span class='ocrx_word' id='word_1_152' title='bbox 91 2322 118 2362; x_wconf 80' lang='lat' dir='ltr'><strong>ao</strong></span> <span class='ocrx_word' id='word_1_153' title='bbox 133 2323 287 2386; x_wconf 88' lang='lat' dir='ltr'><strong>umquam</strong></span> <span class='ocrx_word' id='word_1_154' title='bbox 310 2301 381 2366; x_wconf 87' lang='lat' dir='ltr'><strong>fieri</strong></span> <span class='ocrx_word' id='word_1_155' title='bbox 404 2305 523 2386; x_wconf 89' lang='lat' dir='ltr'><strong>potest,</strong></span> <span class='ocrx_word' id='word_1_156' title='bbox 548 2301 700 2385; x_wconf 89' lang='lat' dir='ltr'><strong>quoniam</strong></span> <span class='ocrx_word' id='word_1_157' title='bbox 722 2302 757 2365; x_wconf 92' lang='lat' dir='ltr'><strong>in</strong></span> <span class='ocrx_word' id='word_1_158' title='bbox 780 2322 819 2366; x_wconf 93' lang='lat' dir='ltr'><strong>eo</strong></span> <span class='ocrx_word' id='word_1_159' title='bbox 842 2305 893 2366; x_wconf 88' lang='lat' dir='ltr'><strong>est</strong></span> <span class='ocrx_word' id='word_1_160' title='bbox 915 2305 1093 2387; x_wconf 87' lang='lat' dir='ltr'><strong>peceatum,</strong></span> <span class='ocrx_word' id='word_1_161' title='bbox 1116 2301 1144 2366; x_wconf 93' lang='lat' dir='ltr'><strong>si</strong></span> 
     </span>
     <span class='ocr_line' id='line_1_22' title="bbox 132 2387 1145 2474; baseline -0.003 -19"><span class='ocrx_word' id='word_1_162' title='bbox 132 2412 199 2456; x_wconf 92' lang='lat' dir='ltr'><strong>non</strong></span> <span class='ocrx_word' id='word_1_163' title='bbox 221 2390 327 2472; x_wconf 89' lang='lat' dir='ltr'><strong>liouit,</strong></span> <span class='ocrx_word' id='word_1_164' title='bbox 355 2390 442 2473; x_wconf 90' lang='lat' dir='ltr'><strong>quod</strong></span> <span class='ocrx_word' id='word_1_165' title='bbox 470 2411 596 2474; x_wconf 75' lang='lat' dir='ltr'><strong>semper</strong></span> <span class='ocrx_word' id='word_1_166' title='bbox 618 2411 719 2454; x_wconf 90' lang='lat' dir='ltr'><strong>unum</strong></span> <span class='ocrx_word' id='word_1_167' title='bbox 742 2393 775 2454; x_wconf 88' lang='lat' dir='ltr'><strong>et</strong></span> <span class='ocrx_word' id='word_1_168' title='bbox 797 2387 883 2454; x_wconf 91' lang='lat' dir='ltr'><strong>idem</strong></span> <span class='ocrx_word' id='word_1_169' title='bbox 907 2393 970 2472; x_wconf 87' lang='lat' dir='ltr'><strong>est,</strong></span> <span class='ocrx_word' id='word_1_170' title='bbox 1000 2410 1082 2473; x_wconf 88' lang='lat' dir='ltr'><strong>quae</strong></span> <span class='ocrx_word' id='word_1_171' title='bbox 1106 2411 1145 2453; x_wconf 88' lang='lat' dir='ltr'><strong>ex</strong></span> 
     </span>
    </p>

    <p class='ocr_par' dir='ltr' id='par_1_6' title="bbox 1 2476 1196 3620">
     <span class='ocr_line' id='line_1_23' title="bbox 133 2476 1196 2562; baseline -0.001 -18"><span class='ocrx_word' id='word_1_172' title='bbox 133 2501 171 2544; x_wconf 91' lang='lat' dir='ltr'><strong>eo</strong></span> <span class='ocrx_word' id='word_1_173' title='bbox 194 2482 328 2562; x_wconf 86' lang='lat' dir='ltr'><strong>paooata</strong></span> <span class='ocrx_word' id='word_1_174' title='bbox 350 2482 539 2560; x_wconf 80' lang='lat' dir='ltr'><strong>nascantur,</strong></span> <span class='ocrx_word' id='word_1_175' title='bbox 567 2477 716 2561; x_wconf 89' lang='lat' dir='ltr'><strong>aequalia</strong></span> <span class='ocrx_word' id='word_1_176' title='bbox 743 2477 809 2541; x_wconf 88' lang='lat' dir='ltr'><strong>sint</strong></span> <span class='ocrx_word' id='word_1_177' title='bbox 836 2482 975 2562; x_wconf 91' lang='lat' dir='ltr'><strong>oportet.</strong></span> <span class='ocrx_word' id='word_1_178' title='bbox 1022 2476 1144 2552; x_wconf 81' lang='lat' dir='ltr'>Quodsi</span> <span class='ocrx_word' id='word_1_179' title='bbox 1163 2495 1196 2543; x_wconf 82' lang='lat'><strong>21</strong></span> 
     </span>
     <span class='ocr_line' id='line_1_24' title="bbox 132 2565 1145 2651; baseline -0.003 -19"><span class='ocrx_word' id='word_1_180' title='bbox 132 2567 271 2632; x_wconf 84' lang='lat' dir='ltr'><strong>virtutes</strong></span> <span class='ocrx_word' id='word_1_181' title='bbox 299 2569 375 2631; x_wconf 90' lang='lat' dir='ltr'><strong>sunt</strong></span> <span class='ocrx_word' id='word_1_182' title='bbox 402 2587 497 2651; x_wconf 89' lang='lat' dir='ltr'><strong>pares</strong></span> <span class='ocrx_word' id='word_1_183' title='bbox 525 2565 610 2631; x_wconf 89' lang='lat' dir='ltr'><strong>inter</strong></span> <span class='ocrx_word' id='word_1_184' title='bbox 638 2587 686 2648; x_wconf 90' lang='lat' dir='ltr'><strong>se,</strong></span> <span class='ocrx_word' id='word_1_185' title='bbox 717 2565 810 2649; x_wconf 88' lang='lat' dir='ltr'><strong>paria</strong></span> <span class='ocrx_word' id='word_1_186' title='bbox 838 2586 908 2630; x_wconf 86' lang='lat' dir='ltr'><strong>essa</strong></span> <span class='ocrx_word' id='word_1_187' title='bbox 936 2566 1036 2631; x_wconf 90' lang='lat' dir='ltr'><strong>etiam</strong></span> <span class='ocrx_word' id='word_1_188' title='bbox 1063 2565 1145 2630; x_wconf 88' lang='lat' dir='ltr'><strong>vitia</strong></span> 
     </span>
     <span class='ocr_line' id='line_1_25' title="bbox 132 2653 1143 2738; baseline 0 -20"><span class='ocrx_word' id='word_1_189' title='bbox 132 2675 262 2720; x_wconf 85' lang='lat' dir='ltr'><strong>neeesse</strong></span> <span class='ocrx_word' id='word_1_190' title='bbox 285 2659 344 2718; x_wconf 84' lang='lat' dir='ltr'><strong>est.</strong></span> <span class='ocrx_word' id='word_1_191' title='bbox 380 2653 483 2738; x_wconf 86' lang='lat' dir='ltr'><strong>Atqui</strong></span> <span class='ocrx_word' id='word_1_192' title='bbox 506 2674 600 2738; x_wconf 89' lang='lat' dir='ltr'><strong>pares</strong></span> <span class='ocrx_word' id='word_1_193' title='bbox 624 2674 694 2718; x_wconf 90' lang='lat' dir='ltr'><strong>esse</strong></span> <span class='ocrx_word' id='word_1_194' title='bbox 712 2653 860 2735; x_wconf 87' lang='lat' dir='ltr'><strong>virtutes,</strong></span> <span class='ocrx_word' id='word_1_195' title='bbox 882 2674 941 2719; x_wconf 87' lang='lat' dir='ltr'><strong>neo</strong></span> <span class='ocrx_word' id='word_1_196' title='bbox 963 2653 1049 2718; x_wconf 91' lang='lat' dir='ltr'><strong>bono</strong></span> <span class='ocrx_word' id='word_1_197' title='bbox 1073 2654 1143 2718; x_wconf 85' lang='lat' dir='ltr'><strong>viro</strong></span> 
     </span>
     <span class='ocr_line' id='line_1_26' title="bbox 91 2740 1144 2825; baseline 0.004 -25"><span class='ocrx_word' id='word_1_198' title='bbox 91 2758 119 2800; x_wconf 82' lang='lat'><strong>25</strong></span> <span class='ocrx_word' id='word_1_199' title='bbox 134 2742 302 2807; x_wconf 91' lang='lat' dir='ltr'><strong>meliorem</strong></span> <span class='ocrx_word' id='word_1_200' title='bbox 332 2763 391 2808; x_wconf 87' lang='lat' dir='ltr'><strong>nee</strong></span> <span class='ocrx_word' id='word_1_201' title='bbox 422 2744 624 2825; x_wconf 78' lang='lat' dir='ltr'><strong>temperante</strong></span> <span class='ocrx_word' id='word_1_202' title='bbox 655 2740 941 2825; x_wconf 87' lang='lat' dir='ltr'><strong>temperantiorem</strong></span> <span class='ocrx_word' id='word_1_203' title='bbox 972 2761 1032 2805; x_wconf 87' lang='lat' dir='ltr'><strong>neo</strong></span> <span class='ocrx_word' id='word_1_204' title='bbox 1064 2740 1144 2805; x_wconf 81' lang='lat' dir='ltr'><strong>forti</strong></span> 
     </span>
     <span class='ocr_line' id='line_1_27' title="bbox 131 2827 1144 2914; baseline -0.002 -20"><span class='ocrx_word' id='word_1_205' title='bbox 131 2829 303 2896; x_wconf 84' lang='lat' dir='ltr'><strong>fortiorem</strong></span> <span class='ocrx_word' id='word_1_206' title='bbox 330 2851 390 2895; x_wconf 85' lang='lat' dir='ltr'><strong>nee</strong></span> <span class='ocrx_word' id='word_1_207' title='bbox 417 2829 563 2913; x_wconf 84' lang='lat' dir='ltr'><strong>sapiente</strong></span> <span class='ocrx_word' id='word_1_208' title='bbox 587 2828 818 2914; x_wconf 90' lang='lat' dir='ltr'><strong>sapientiorem</strong></span> <span class='ocrx_word' id='word_1_209' title='bbox 844 2849 940 2912; x_wconf 88' lang='lat' dir='ltr'><strong>posse</strong></span> <span class='ocrx_word' id='word_1_210' title='bbox 962 2827 1033 2893; x_wconf 87' lang='lat' dir='ltr'><strong>fieri</strong></span> <span class='ocrx_word' id='word_1_211' title='bbox 1055 2828 1144 2894; x_wconf 85' lang='lat' dir='ltr'><strong>facil·</strong></span> 
     </span>
     <span class='ocr_line' id='line_1_28' title="bbox 132 2914 1144 3002; baseline -0.003 -20"><span class='ocrx_word' id='word_1_212' title='bbox 132 2919 221 2984; x_wconf 91' lang='lat' dir='ltr'><strong>lume</strong></span> <span class='ocrx_word' id='word_1_213' title='bbox 248 2922 358 3002; x_wconf 88' lang='lat' dir='ltr'><strong>potest</strong></span> <span class='ocrx_word' id='word_1_214' title='bbox 385 2915 534 3002; x_wconf 82' lang='lat' dir='ltr'><strong>perspici.</strong></span> <span class='ocrx_word' id='word_1_215' title='bbox 579 2916 633 2982; x_wconf 86' lang='lat' dir='ltr'><strong>An</strong></span> <span class='ocrx_word' id='word_1_216' title='bbox 664 2916 770 2982; x_wconf 85' lang='lat' dir='ltr'><strong>virum</strong></span> <span class='ocrx_word' id='word_1_217' title='bbox 801 2916 923 2982; x_wconf 88' lang='lat' dir='ltr'><strong>bonum</strong></span> <span class='ocrx_word' id='word_1_218' title='bbox 956 2914 1056 2999; x_wconf 83' lang='lat' dir='ltr'><strong>dieas,</strong></span> <span class='ocrx_word' id='word_1_219' title='bbox 1089 2916 1144 2999; x_wconf 89' lang='lat' dir='ltr'><strong>qui</strong></span> 
     </span>
     <span class='ocr_line' id='line_1_29' title="bbox 133 3003 1144 3091; baseline -0.005 -19"><span class='ocrx_word' id='word_1_220' title='bbox 133 3005 317 3091; x_wconf 85' lang='lat' dir='ltr'><strong>depositum</strong></span> <span class='ocrx_word' id='word_1_221' title='bbox 349 3006 441 3070; x_wconf 91' lang='lat' dir='ltr'><strong>nullo</strong></span> <span class='ocrx_word' id='word_1_222' title='bbox 473 3009 571 3088; x_wconf 89' lang='lat' dir='ltr'><strong>teste,</strong></span> <span class='ocrx_word' id='word_1_223' title='bbox 614 3027 687 3071; x_wconf 88' lang='lat' dir='ltr'><strong>oum</strong></span> <span class='ocrx_word' id='word_1_224' title='bbox 723 3004 843 3070; x_wconf 80' lang='lat' dir='ltr'><strong>lucrari</strong></span> <span class='ocrx_word' id='word_1_225' title='bbox 877 3003 997 3089; x_wconf 90' lang='lat' dir='ltr'><strong>inpune</strong></span> <span class='ocrx_word' id='word_1_226' title='bbox 1032 3008 1144 3088; x_wconf 87' lang='lat' dir='ltr'><strong>posset</strong></span> 
     </span>
     <span class='ocr_line' id='line_1_30' title="bbox 133 3091 1144 3180; baseline -0.006 -20"><span class='ocrx_word' id='word_1_227' title='bbox 133 3095 205 3160; x_wconf 88' lang='lat' dir='ltr'><strong>auri</strong></span> <span class='ocrx_word' id='word_1_228' title='bbox 227 3095 335 3180; x_wconf 90' lang='lat' dir='ltr'><strong>pondo</strong></span> <span class='ocrx_word' id='word_1_229' title='bbox 359 3094 482 3177; x_wconf 83' lang='lat' dir='ltr'><strong>decem,</strong></span> <span class='ocrx_word' id='word_1_230' title='bbox 505 3093 689 3177; x_wconf 87' lang='lat' dir='ltr'><strong>reddiderit,</strong></span> <span class='ocrx_word' id='word_1_231' title='bbox 712 3093 740 3157; x_wconf 91' lang='lat' dir='ltr'><strong>si</strong></span> <span class='ocrx_word' id='word_1_232' title='bbox 763 3093 849 3158; x_wconf 92' lang='lat' dir='ltr'><strong>idem</strong></span> <span class='ocrx_word' id='word_1_233' title='bbox 871 3093 906 3156; x_wconf 92' lang='lat' dir='ltr'><strong>in</strong></span> <span class='ocrx_word' id='word_1_234' title='bbox 929 3091 1039 3157; x_wconf 84' lang='lat' dir='ltr'><strong>decem</strong></span> <span class='ocrx_word' id='word_1_235' title='bbox 1061 3091 1144 3156; x_wconf 91' lang='lat' dir='ltr'><strong>mili-</strong></span> 
     </span>
     <span class='ocr_line' id='line_1_31' title="bbox 90 3179 1144 3268; baseline 0.002 -26"><span class='ocrx_word' id='word_1_236' title='bbox 90 3201 119 3242; x_wconf 82' lang='lat' dir='ltr'><strong>ro</strong></span> <span class='ocrx_word' id='word_1_237' title='bbox 132 3183 194 3248; x_wconf 87' lang='lat' dir='ltr'><strong>bus</strong></span> <span class='ocrx_word' id='word_1_238' title='bbox 222 3183 330 3268; x_wconf 89' lang='lat' dir='ltr'><strong>pondo</strong></span> <span class='ocrx_word' id='word_1_239' title='bbox 358 3182 429 3248; x_wconf 89' lang='lat' dir='ltr'><strong>auri</strong></span> <span class='ocrx_word' id='word_1_240' title='bbox 455 3203 521 3246; x_wconf 94' lang='lat' dir='ltr'><strong>non</strong></span> <span class='ocrx_word' id='word_1_241' title='bbox 548 3182 633 3247; x_wconf 86' lang='lat' dir='ltr'><strong>idem</strong></span> <span class='ocrx_word' id='word_1_242' title='bbox 656 3179 790 3246; x_wconf 80' lang='lat' dir='ltr'><strong>iecerit?</strong></span> <span class='ocrx_word' id='word_1_243' title='bbox 818 3185 874 3268; x_wconf 88' lang='lat' dir='ltr'><strong>aut</strong></span> <span class='ocrx_word' id='word_1_244' title='bbox 897 3182 1144 3264; x_wconf 87' lang='lat' dir='ltr'><strong>temperantem,</strong></span> 
     </span>
     <span class='ocr_line' id='line_1_32' title="bbox 133 3267 1143 3356; baseline -0.004 -20"><span class='ocrx_word' id='word_1_245' title='bbox 133 3272 189 3356; x_wconf 88' lang='lat' dir='ltr'><strong>qui</strong></span> <span class='ocrx_word' id='word_1_246' title='bbox 217 3291 251 3335; x_wconf 87' lang='lat' dir='ltr'><strong>se</strong></span> <span class='ocrx_word' id='word_1_247' title='bbox 278 3271 313 3334; x_wconf 91' lang='lat' dir='ltr'><strong>in</strong></span> <span class='ocrx_word' id='word_1_248' title='bbox 341 3271 451 3354; x_wconf 88' lang='lat' dir='ltr'><strong>aliqua</strong></span> <span class='ocrx_word' id='word_1_249' title='bbox 478 3269 612 3335; x_wconf 91' lang='lat' dir='ltr'><strong>libidine</strong></span> <span class='ocrx_word' id='word_1_250' title='bbox 640 3269 850 3352; x_wconf 84' lang='lat' dir='ltr'><strong>continuerit,</strong></span> <span class='ocrx_word' id='word_1_251' title='bbox 877 3269 913 3333; x_wconf 92' lang='lat' dir='ltr'><strong>in</strong></span> <span class='ocrx_word' id='word_1_252' title='bbox 935 3268 1045 3352; x_wconf 86' lang='lat' dir='ltr'><strong>aliqua</strong></span> <span class='ocrx_word' id='word_1_253' title='bbox 1068 3267 1143 3332; x_wconf 86' lang='lat' dir='ltr'><strong>effu·</strong></span> 
     </span>
     <span class='ocr_line' id='line_1_33' title="bbox 132 3357 1138 3425; baseline -0.003 -2"><span class='ocrx_word' id='word_1_254' title='bbox 132 3359 239 3424; x_wconf 81' lang='lat' dir='ltr'><strong>derit?</strong></span> <span class='ocrx_word' id='word_1_255' title='bbox 285 3357 360 3425; x_wconf 90' lang='lat' dir='ltr'><strong>Una</strong></span> <span class='ocrx_word' id='word_1_256' title='bbox 391 3358 496 3424; x_wconf 85' lang='lat' dir='ltr'><strong>virtus</strong></span> <span class='ocrx_word' id='word_1_257' title='bbox 529 3362 579 3422; x_wconf 87' lang='lat' dir='ltr'><strong>est</strong></span> <span class='ocrx_word' id='word_1_258' title='bbox 611 3357 815 3424; x_wconf 81' lang='lat' dir='ltr'><strong>consentiens</strong></span> <span class='ocrx_word' id='word_1_259' title='bbox 847 3379 920 3424; x_wconf 87' lang='lat' dir='ltr'><strong>oum</strong></span> <span class='ocrx_word' id='word_1_260' title='bbox 952 3357 1078 3422; x_wconf 85' lang='lat' dir='ltr'><strong>ratione</strong></span> <span class='ocrx_word' id='word_1_261' title='bbox 1111 3360 1138 3421; x_wconf 90' lang='lat' dir='ltr'><strong>el</strong></span> 
     </span>
     <span class='ocr_line' id='line_1_34' title="bbox 131 3445 1138 3534; baseline -0.002 -22"><span class='ocrx_word' id='word_1_262' title='bbox 131 3450 290 3534; x_wconf 88' lang='lat' dir='ltr'><strong>perpetua</strong></span> <span class='ocrx_word' id='word_1_263' title='bbox 312 3446 510 3528; x_wconf 73' lang='lat' dir='ltr'><strong>constantia,</strong></span> <span class='ocrx_word' id='word_1_264' title='bbox 532 3445 615 3512; x_wconf 93' lang='lat' dir='ltr'><strong>nihil</strong></span> <span class='ocrx_word' id='word_1_265' title='bbox 638 3446 701 3512; x_wconf 88' lang='lat' dir='ltr'><strong>huc</strong></span> <span class='ocrx_word' id='word_1_266' title='bbox 720 3446 794 3510; x_wconf 87' lang='lat' dir='ltr'><strong>addi</strong></span> <span class='ocrx_word' id='word_1_267' title='bbox 813 3449 930 3530; x_wconf 84' lang='lat' dir='ltr'><strong>potest,</strong></span> <span class='ocrx_word' id='word_1_268' title='bbox 954 3466 1018 3530; x_wconf 90' lang='lat' dir='ltr'><strong>quo</strong></span> <span class='ocrx_word' id='word_1_269' title='bbox 1036 3445 1138 3530; x_wconf 84' lang='lat' dir='ltr'><strong>magis</strong></span> 
     </span>
     <span class='ocr_line' id='line_1_35' title="bbox 1 3534 1138 3620; baseline -0.004 -20"><span class='ocrx_word' id='word_1_270' title='bbox 1 3583 2 3588; x_wconf 17' lang='grc' dir='ltr'>η</span> <span class='ocrx_word' id='word_1_271' title='bbox 131 3536 237 3600; x_wconf 80' lang='lat' dir='ltr'><strong>virtus</strong></span> <span class='ocrx_word' id='word_1_272' title='bbox 260 3536 318 3619; x_wconf 87' lang='lat' dir='ltr'><strong>sit,</strong></span> <span class='ocrx_word' id='word_1_273' title='bbox 346 3535 427 3600; x_wconf 94' lang='lat' dir='ltr'><strong>nihil</strong></span> <span class='ocrx_word' id='word_1_274' title='bbox 451 3534 549 3620; x_wconf 84' lang='lat' dir='ltr'><strong>demi,</strong></span> <span class='ocrx_word' id='word_1_275' title='bbox 576 3539 613 3600; x_wconf 89' lang='lat' dir='ltr'><strong>ut</strong></span> <span class='ocrx_word' id='word_1_276' title='bbox 635 3535 767 3602; x_wconf 82' lang='lat' dir='ltr'><strong>virtutis</strong></span> <span class='ocrx_word' id='word_1_277' title='bbox 790 3554 909 3600; x_wconf 87' lang='lat' dir='ltr'><strong>nornen</strong></span> <span class='ocrx_word' id='word_1_278' title='bbox 931 3534 1138 3618; x_wconf 47' lang='lat' dir='ltr'><strong>relinquatur,</strong></span> 
     </span>
    </p>
   </div>
   <div class='ocr_carea' id='block_1_6' title="bbox 0 0 1299 3950">
    <p class='ocr_par' dir='ltr' id='par_1_7' title="bbox 0 0 1299 3950">
     <span class='ocr_line' id='line_1_36' title="bbox 0 0 1299 3950; baseline 0 0"><span class='ocrx_word' id='word_1_279' title='bbox 0 0 1299 3950; x_wconf 95' lang='lat' dir='ltr'><strong> </strong></span> 
     </span>
    </p>
   </div>
  </div>
 </body>
</html>
