2504 3950
152 185 216 248 146
393 180 486 236 caud
504 179 622 240 MAIOR
640 179 689 234 DE
708 179 920 234 sarmarum

151 343 206 430 Sp.
235 342 437 424 Postumius,
468 339 504 406 Τ.
530 338 686 406 Veturius
717 341 865 406 consules
898 341 1044 426 superati
1077 347 1164 427 sunt,

151 434 296 499 locutum
310 431 490 513 Archytam
503 427 672 494 Nearchus
686 427 889 512 Tarentinus,
905 428 1025 514 hospes
1037 435 1164 514 noster,

152 521 207 605 qui
220 521 255 585 in
273 518 417 584 amicitia
434 517 548 603 populi
560 515 701 582 Romani
718 520 952 602 permanserat,
970 538 1004 582 se
1023 540 1044 582 a
1062 518 1164 583 maio-

151 608 242 672 ribus
263 611 348 672 nstu
367 605 528 690 aooepisse
552 604 694 688 dicebat,
716 625 790 670 cum
812 603 943 688 quidem
965 605 995 669 ei
1018 606 1166 671 sermoni

151 695 354 760 interfuisset
370 693 466 758 Plato
482 691 701 775 Atheniensis,
724 713 821 776 quem
838 691 1016 758 Tarentum
1034 693 1166 760 venisse
1190 711 1203 752 ⁵
1243 693 1244 714 l

98 799 133 848 sa
151 782 187 848 L.
208 781 357 866 Camillo,
380 781 443 865 Ap.
466 779 601 847 Claudio
625 780 815 846 consulibus
835 780 970 864 reperio.
1016 779 1167 856 Quorsus
1243 838 1244 854 ,

151 871 235 937 hoo?
266 869 314 935 Ut
331 868 576 953 intellegeretis,
594 867 623 931 si
636 868 838 952 voluptatem
853 869 1021 953 aspernari
1034 871 1167 936 ratione

152 963 186 1024 et
213 957 374 1042 sapientia
398 977 465 1020 non
490 975 673 1040 possemus,
699 977 853 1041 magnam
878 955 1066 1022 habendam
1093 980 1167 1023 esse

152 1045 311 1110 senectuti
337 1043 492 1129 gratiam,
524 1065 606 1127 quae
633 1041 789 1127 efficeret,
819 1047 857 1109 ut
882 1043 917 1108 id
941 1065 1009 1108 non
1035 1045 1167 1130 liberet,

152 1132 238 1217 quod
253 1154 320 1198 non
338 1134 512 1217 oporteret.
546 1129 689 1216 Impedit
706 1131 792 1196 enim
811 1131 980 1197 consilium
997 1133 1166 1218 voluptas,
1181 1151 1205 1190 10

150 1220 273 1286 rationi
293 1220 425 1286 inimica
447 1222 507 1303 est,
529 1219 657 1303 mentis,
679 1222 717 1284 ut
737 1220 787 1284 ita
808 1219 921 1303 diuam
946 1221 1168 1308 praestringit

152 1309 264 1374 oeulos
286 1308 463 1374 nechabet
482 1307 586 1373 ullum
603 1329 677 1373 eum
695 1307 818 1372 virtute
836 1308 1075 1374 commercium
1114 1309 1168 1374 ln-

151 1397 240 1464 ritus
271 1395 346 1480 feci,
376 1399 415 1462 ut
445 1394 619 1461 fortissimi
647 1394 712 1460 riri
742 1394 778 1459 T.
809 1394 986 1460 Flaminini
1015 1395 1168 1481 tratrem,

151 1484 187 1550 L.
209 1484 442 1566 Flamininum,
469 1504 487 1546 e
514 1486 629 1548 senatu
652 1483 788 1549 eicerem
810 1487 937 1568 septem
959 1484 1053 1548 annis
1078 1489 1168 1570 post,

153 1595 251 1657 quam
273 1573 386 1638 consul
408 1570 538 1654 fuisset,
565 1569 622 1634 sed
647 1569 826 1636 notandam
847 1572 961 1656 putari
983 1571 1166 1638 libidinem
1181 1588 1204 1630 1⁵

151 1659 214 1725 Ille
233 1660 327 1743 enirn,
350 1679 423 1724 curn
442 1660 527 1724 esset
545 1657 658 1726 consul
676 1657 712 1722 in
730 1657 848 1741 Gallie,
865 1662 1017 1724 exoratus
1035 1661 1073 1725 in
1090 1683 1168 1728 eon·

151 1745 239 1812 rivio
262 1768 283 1812 a
310 1749 417 1812 scorto
445 1748 509 1828 est,
535 1749 574 1810 ut
600 1746 705 1811 securi
730 1745 843 1812 feriret
870 1747 1013 1830 aliquem
1038 1770 1168 1833 eorum,

152 1834 208 1918 qui
229 1834 265 1900 in
286 1833 424 1902 vinculis
446 1836 556 1900 essent
579 1833 725 1900 damnati
742 1835 790 1899 rei
808 1835 968 1919 capitalis.
1004 1834 1069 1902 Hie
1087 1835 1167 1903 Tito

150 1922 255 1988 fratre
286 1945 345 1989 suo
376 1943 522 2007 censore,
559 1922 616 2007 qui
646 1921 823 2006 proximus.
845 1926 921 1988 ante
954 1944 1007 2004 rue
1042 1923 1167 2008 meiat,

152 2011 282 2096 elapsus
306 2015 369 2094 est3
394 2010 476 2076 mihi
501 2031 579 2076 vero
607 2013 640 2074 et
666 2008 782 2076 Flacco
809 2010 1000 2094 neutiquam
1026 2013 1167 2096 probari
1180 2029 1205 2069 ω

151 2099 260 2182 potuit
281 2102 351 2163 tam
371 2097 538 2182 flagitiosa
560 2099 594 2160 et
615 2100 685 2162 tam
704 2096 832 2182 perdita
850 2098 962 2184 libido,
985 2121 1069 2183 quae
1089 2122 1167 2166 uum

98 2154 273 2280 },3probr0
304 2184 434 2268 privato
465 2184 675 2269 coniungeret
705 2185 834 2270 imperii
863 2186 1007 2254 dedecus.
1058 2185 1168 2274 Saepe

152 2271 262 2336 audivi
284 2292 323 2336 ex
345 2271 522 2336 maioribus
544 2275 634 2356 natu,
657 2273 713 2357 qui
735 2295 770 2339 se
787 2295 886 2358 porro
903 2296 1021 2360 pueros
1041 2297 1062 2340 a
1079 2277 1167 2342 seni·

152 2358 213 2424 bus
243 2358 372 2424 audisse
403 2358 565 2444 dicebant,
597 2360 710 2426 mirari
742 2362 876 2427 solitum
903 2361 938 2428 Ο.
965 2362 1166 2448 Fabricium,

153 2446 248 2532 quod,
265 2468 339 2512 curu
357 2447 443 2532 apud
459 2467 570 2534 regem
583 2447 746 2534 Pyrrhum
759 2451 888 2536 legatus
903 2454 998 2534 esset,
1016 2452 1166 2518 audisset
1179 2469 1203 2510 2⁵

152 2557 173 2600 a
194 2534 351 2600 Thessalo
375 2533 476 2602 Cinea
502 2557 572 2602 esso
600 2537 759 2622 quendam
783 2538 937 2623 Athenis,
963 2539 1020 2623 qui
1048 2561 1085 2606 se
1115 2563 1165 2606 sa-

150 2622 295 2707 pientem
317 2623 533 2710 profiteretur,
556 2646 693 2710 eumque
713 2626 818 2692 dicere
836 2627 954 2710 omnia,
977 2649 1060 2711 quae
1079 2627 1165 2695 faee-

151 2733 273 2797 remus,
305 2711 346 2778 od
376 2712 581 2797 voluptatem
611 2721 683 2778 'esse
713 2713 904 2781 referenda.¹
934 2714 1029 2791 Quod
1055 2737 1097 2782 er
1124 2738 1164 2782 eo

151 2801 318 2866 audientes
340 2798 393 2866 Μ’.
411 2799 546 2866 Curium
569 2805 603 2866 et
620 2801 668 2866 Ti.
687 2799 925 2870 Coruncanium
946 2807 1061 2889 optare
1086 2804 1164 2870 soli·

151 2891 217 2972 tos,
246 2892 284 2952 ut
310 2888 345 2953 id
371 2885 571 2954 Samnitibus
599 2888 726 2975 ipsique
747 2889 874 2975 Pyrrho
900 2891 1163 2977 persuaderetur,
1177 2908 1203 2950 ³⁰

152 2997 215 3060 quo
237 2973 368 3042 facilius
389 2976 477 3042 rinei
497 2980 640 3062 possent,
662 2999 736 3044 cum
758 3000 795 3044 se
811 2979 1037 3064 voluptatibus
1055 2979 1165 3046 dedis-

152 3068 234 3130 sent.
282 3062 418 3130 Vixerat
444 3064 496 3129 M'.
524 3062 640 3131 Curius
667 3087 741 3132 eum
771 3066 807 3133 P.
835 3067 949 3151 Decio,
981 3067 1038 3152 qui
1069 3068 1164 3152 quin·

150 3152 291 3236 quennio
315 3155 390 3218 ante
413 3173 487 3218 eum
510 3154 675 3219 consulem
698 3173 733 3219 se
754 3176 815 3239 pro
837 3155 1024 3241 republica
1042 3159 1163 3240 quarto

152 3241 322 3305 consulatu
349 3241 664 3325 devoraremini
692 3243 828 3308 eumdem
855 3241 1037 3328 Fabricius,
1062 3246 1163 3310 norat

152 3324 386 3410 Coruncanium
409 3329 465 3412 qui
488 3350 561 3394 cum
579 3351 618 3396 err
635 3351 694 3394 sua
715 3330 793 3412 vitu,
815 3335 887 3396 tum
906 3351 944 3396 ex
962 3331 1040 3414 eius,
1063 3351 1163 3415 quem
1176 3345 1203 3388 ⁸⁵

152 3413 236 3497 dico,
258 3411 353 3498 Deci,
374 3415 462 3481 facto
485 3416 672 3484 iudicabant
694 3438 765 3483 esse
788 3418 934 3504 profecto
958 3418 1083 3503 aliquid
1103 3439 1162 3483 na-

150 3505 226 3566 tura
257 3499 428 3585 pulchrum
460 3506 559 3588 atque
589 3504 806 3590 praeclarum,
839 3506 925 3592 quod
955 3527 1015 3574 sua
1042 3508 1163 3591 sponte
