2578 3950
438 148 513 204 cor.
535 155 647 206 ιιι-ιι.
684 155 832 215 sio-rr.
1054 151 1115 216 187

114 310 311 376 aestimandi.
355 308 461 374 Aliter
484 309 646 375 amicitiae
673 310 809 374 stabiles
836 325 1028 395 'permanere
1051 333 1117 376 non

113 401 255 483 possunt.
300 397 455 481 Dispares
488 397 573 460 enim
606 418 726 478 mores,
758 397 900 482 disparia
928 399 1035 466 studia
1068 421 1117 464 se-

113 489 260 569 quuntur,
284 506 421 569 quorum
440 484 669 548 dissimilitudo
689 485 842 552 dissociat
861 486 1036 570 amicitiam
1057 509 1116 552 nec

113 574 151 638 ob
174 574 274 638 aliam
297 594 428 638 causam
449 572 552 636 ullam
574 572 653 637 boni
669 572 837 658 improbis,
860 574 1002 658 improbi
1021 575 1115 640 bonis

87 660 204 726 aamici
229 681 300 726 esse
322 682 388 760 non
410 664 557 745 possunt,
579 660 645 726 nisi
663 661 749 745 quod
767 664 861 728 tanta
880 665 930 726 est
948 663 1033 726 inter
1051 685 1116 746 eos,

113 753 232 832 quanta
255 747 397 814 maxima
419 751 632 832 potestesse,
655 770 783 814 morum
808 749 1052 832 studiorumque
1072 750 1117 815 di-

112 836 240 902 stantia
286 835 386 902 Recte
353 837 509 901 tetiam
531 836 675 920 praecipi
700 837 846 937 potest
837 859 872 900 ιιι
895 836 1056 920 amicitiis,
1075 859 1115 902 ne
1136 852 1168 903 τι

111 925 327 1008 intemperata
350 924 507 1008 quaedam
530 923 727 990 benivolent
703 928 758 1008 ιιι,
782 925 867 1008 quod
890 947 1045 1010 persaepe
1070 925 1117 1008 fit,

111 1011 265 1098 impediat
288 1033 425 1097 magnas
448 1011 609 1078 utilitates
633 1013 819 1080 amicorum.
864 1011 934 1078 Nec
956 1013 1054 1097 enim,
1080 1017 1117 1077 ut

80 1100 148 1164 aad
169 1100 303 1165 fabulas
326 1100 468 1181 redeam,
495 1099 627 1165 Troiam
654 1099 889 1184 Neoptolemus
918 1123 1031 1185 capere
1059 1123 1116 1184 po-

110 1188 235 1271 tuisset,
260 1187 289 1252 si
301 1187 523 1272 Lycomedem,
546 1187 631 1272 apud
650 1210 746 1273 quem
765 1190 836 1258 erat
854 1189 1018 1272 educatus,
1036 1189 1116 1255 mul·

110 1276 149 1340 tis
178 1298 256 1341 cum
283 1275 425 1340 lacrimis
456 1276 523 1340 iter'
547 1297 640 1340 suum
667 1275 895 1360 impedientem
924 1276 1034 1340 audire
1061 1299 1117 1342 vo-

110 1364 232 1429 luisset.
264 1362 309 1428 Et
329 1385 423 1448 saepe
437 1363 584 1428 incidunt
602 1385 740 1448 magnac
757 1385 819 1447 res,
837 1366 875 1428 ut
891 1363 1117 1429 discedendum

113 1453 152 1516 sit
174 1452 217 1518 ab
244 1451 370 1536 amicis3
403 1472 482 1535 quas
499 1452 567 1535 'qui
594 1451 750 1536 impedire
772 1451 858 1535 vult,
886 1451 972 1534 quod
995 1451 1118 1527 deside·

80 1540 189 1604 arium
218 1561 287 1604 non
313 1538 409 1612 facile
440 1538 539 1622 ferat,
571 1539 599 1604 is
628 1543 661 1604 et
687 1539 835 1604 infirmus
864 1543 914 1606 est
944 1539 1117 1622 mollisque

109 1632 225 1693 natura
253 1632 287 1692 et
315 1627 356 1692 ob
384 1649 456 1692 eam
482 1627 589 1711 ipsam
616 1649 747 1695 causam
774 1627 809 1692 in
837 1627 979 1694 amicitia
1001 1649 1117 1712 parum

109 1716 220 1782 iustus.
268 1714 377 1799 Atque
400 1715 435 1780 in
457 1715 545 1780 omni
568 1737 603 1780 re
627 1715 893 1780 considerandum
912 1719 971 1798 est,
990 1719 1022 1783 et
1041 1715 1118 1800 quid
1137 1732 1170 1779 ιι

109 1805 255 1888 postules
280 1803 321 1868 ab
345 1802 447 1868 amico
469 1806 504 1868 'et
528 1803 605 1887 quid
626 1803 752 1886 patiare
776 1826 796 1866 a
818 1806 851 1867 te
874 1803 1053 1887 impetrari.

169 1891 237 1957 E'st
257 1891 357 1956 etiam
372 1891 529 1974 quaedam
547 1890 717 1956 calamitas
731 1890 767 1954 in
785 1889 936 1957 amicitiis
955 1891 1117 1954 dimitten-
1128 1891 1167 1955 21

79 1979 156 2044 odis
178 2001 250 2044 non
271 2001 448 2062 numquam
470 1978 666 2060 necessaria3
689 1977 755 2042 iam
777 1977 863 2042 enim
883 1999 903 2041 a
921 1977 1116 2061 sapientium

110 2067 390 2133 familiaritatibus
401 2067 442 2132 ad
451 2067 603 2152 vulgares
616 2065 775 2136 amicitias
790 2065 896 2130 oratio
909 2068 1023 2129 nostra
1033 2064 1118 2129 dela·

110 2155 203 2221 bitur.
227 2153 414 2239 Erumpunt
424 2176 519 2239 saepe
529 2154 611 2218 vitia
624 2154 801 2220 amicorum
815 2157 885 2218 tum
895 2153 929 2217 in
940 2153 1029 2238 ipsos
1041 2152 1134 2218 amin

110 2265 170 2329 cos,
187 2248 263 2308 tum
281 2243 316 2308 in
333 2241 467 2326 alienos,
488 2264 624 2326 quorum
643 2247 754 2310 tamen
768 2242 809 2307 ad
823 2241 944 2309 amicos
960 2241 1083 2309 redund

110 2331 253 2398 infamia.
281 2330 376 2396 Tales
389 2330 491 2416 igitur
505 2330 666 2398 amicitiae
677 2334 753 2396 sunt
766 2330 956 2395 remissione
965 2351 1043 2394 usus
1053 2330 1106 2394 elu

80 2419 209 2484 sensae
229 2423 271 2502 et,
294 2422 331 2484 ut
354 2417 512 2484 Catonem
535 2417 638 2484 dicere
662 2418 779 2502 audivi,
803 2417 991 2483 dissuendae
1012 2417 1117 2502 magis

112 2529 208 2608 quam
219 2506 454 2590 discindendae,
463 2506 528 2570 nisi
542 2506 700 2590 quaedam
715 2506 888 2571 admodum
900 2505 1117 2570 intolerabilis

111 2595 229 2661 iniuria
252 2593 422 2679 exarserit,
448 2598 486 2660 ut
504 2616 608 2677 neque
625 2597 749 2660 rectum
762 2614 866 2676 neque
886 2592 1004 2658 honest
990 2596 1060 2660 tum
1075 2593 1118 2657 sit

111 2703 166 2749 nec
188 2683 262 2748 fieri
284 2681 399 2783 possit,
419 2685 457 2752 ut
480 2703 547 2746 non
569 2681 681 2748 statim
705 2681 858 2746 alienatio
882 2680 1118 2762 disiunctioque

111 2769 262 2836 faciunda
289 2771 341 2835 sit.
387 2768 444 2836 Sin
472 2773 528 2834 aut
529 2791 580 2834 em
608 2773 664 2836 aut
692 2790 819 2834 morum
847 2771 903 2832 aut
889 2767 1117 2832 tstudiorum
1137 2781 1170 2831 ιτ

79 2859 323 2924 ιιιοιιιιιιιιιιιιο
348 2857 518 2942 quaedam,
541 2862 577 2922 ut
599 2858 670 2923 fieri
693 2857 785 2938 solet,
762 2855 895 2920 tfacta
918 2853 980 2919 erit
999 2855 1092 2920 ιιι
1083 2876 1118 2918 ιιι

111 2947 156 3012 ιιι
187 2947 339 3047 publicae
370 2945 519 3031 partibus
549 2945 706 3011 dissensio
738 2942 956 3009 intercesserit
988 2940 1118 3028 (loquor

112 3035 196 3100 enim
220 3035 296 3119 iam,
318 3038 355 3099 ut
377 3034 475 3118 paulo
500 3037 575 3098 ante
598 3034 672 3116 dixi,
690 3055 756 3098 non
779 3032 817 3096 de
836 3031 963 3134 sapient
964 3030 1039 3113 ium,
1062 3030 1119 3094 sed

112 3122 148 3186 de
172 3122 395 3188 communibus
420 3121 515 3188 amici
506 3121 597 3206 tiis),
620 3084 797 3188 osienduin
821 3119 895 3201 erit,
917 3140 958 3184 ne
981 3139 1047 3183 non
1070 3139 1119 3182 so-

111 3209 180 3275 lum
196 3211 358 3276 amicitiae
373 3210 548 3294 depositae,
564 3209 666 3274 sedt
634 3214 666 3274 et
667 3209 732 3274 iam
746 3169 935 3273 inimicitiae
950 3209 1119 3291 susceptae

80 3299 291 3365 audeantur
326 3297 419 3363 Nihil
443 3302 493 3366 ιιι
516 3298 602 3364 enim
626 3297 767 3397 turpius
777 3318 874 3398 quam
898 3317 970 3361 cum
994 3317 1031 3360 eo
1050 3295 1119 3359 bel-

113 3385 182 3452 lum
204 3408 326 3472 gerere,
349 3408 487 3471 quocum
508 3385 678 3452 familiarit
664 3391 714 3449 ter
736 3383 865 3450 vixeris.
902 3382 955 3448 Ab
976 3383 1086 3448 amicit
1087 3383 1119 3446 ia

114 3471 189 3548 QP
190 3475 298 3560 ompei
316 3496 387 3541 meo
405 3474 535 3543 nomine
557 3495 591 3538 se
609 3476 801 3556 removerat,
823 3495 845 3538 u
846 3470 979 3556 tacitis,
997 3469 1118 3552 Scipi05

1227 2065 1251 2104 ,Ι
