2578 3950
124 175 189 239 202
530 170 728 225 PARADOXA

126 337 174 400 dis
198 335 294 399 rebus
313 355 396 400 unus
416 355 454 398 ex
471 333 648 398 fortunatis
667 332 864 415 hominibus,
888 331 1032 397 adversis
1051 353 1136 396 unus

126 447 164 489 ex
187 423 322 488 summis
346 422 425 488 viris
449 421 632 505 videbatur,
663 442 726 505 quo
753 421 881 485 beatius
909 441 980 484 esse
1003 421 1137 484 mortali

75 529 106 577 ιι
124 512 206 576 nihil
230 515 349 596 potest.
384 509 509 593 Nescis,
531 509 653 592 insane,
675 509 790 592 nescis,
813 512 953 592 quantas
971 508 1056 572 vires
1075 508 1137 573 vir-

125 605 178 665 tus
197 598 332 682 habeat3
355 620 474 663 nomen
491 602 620 662 tantum
639 597 770 662 virtutis
794 617 942 682 usurpaS,
966 597 1043 680 quid
1064 596 1138 683 ipsa

125 688 247 770 valeat,
274 689 416 772 ignoras.
461 684 566 751 Nemo
594 689 703 770 potest
729 707 794 751 non
824 684 1034 750 beatissimus
1058 705 1138 769 esse,
1165 700 1178 742 ι

127 777 182 860 qui
210 780 261 840 est
289 779 378 840 totus
406 778 502 859 aptus
531 796 570 838 cx
597 794 680 857 sese,
713 773 831 858 quique
861 773 896 837 in
924 795 958 838 se
986 795 1050 838 uno
1079 794 1138 839 sua

125 865 220 949 ponit
247 863 365 929 omnia.
410 861 471 927 Cui
499 883 572 946 spes
600 862 705 926 omnis
733 865 766 925 et
796 861 880 926 ratio
913 865 947 926 et
978 861 1137 947 cogitatio

125 953 245 1036 pendet
268 973 306 1016 ex
328 951 474 1033 fortuna,
496 950 572 1014 huic
594 950 677 1014 nihil
701 954 905 1034 potestesse
928 950 1022 1032 certi,
1045 950 1138 1033 nihil,

126 1039 213 1122 quod
227 1040 433 1124 exploratum
447 1038 567 1103 habeat
581 1059 829 1123 permansurum
848 1038 911 1102 sibi
929 1060 1029 1103 unum
1044 1037 1137 1102 diem.

126 1127 210 1193 Eum
234 1132 270 1192 tu
293 1126 458 1192 hominem
482 1131 613 1208 terreto,
637 1126 665 1190 si
688 1149 783 1210 quem
807 1127 870 1190 eris
893 1130 1041 1210 nanctus,
1063 1126 1137 1190 istis
1152 1144 1180 1184 ιο

103 1213 242 1281 ¹mortis
267 1219 324 1280 aut
348 1215 436 1280 exilii
459 1215 564 1281 minis.
604 1213 686 1279 Mihi
708 1235 785 1279 vero
810 1214 962 1298 quicquid
986 1214 1139 1280 acciderit

126 1305 160 1368 in
183 1307 252 1370 tam
275 1304 407 1390 ingrata
430 1304 633 1386 civitatens
656 1303 820 1368 recusanti
839 1303 968 1387 quidem
987 1303 1140 1384 evenerit,

126 1413 192 1457 non
215 1393 311 1457 modo
336 1394 427 1492 [non]
452 1391 657 1477 repugnanti.
697 1389 781 1466 Quid
804 1391 890 1456 enim
909 1411 970 1476 ego
992 1353 1140 1455 laboravi

128 1484 184 1544 aut
208 1481 285 1564 quid
308 1480 374 1565 egi,
398 1481 486 1544 aut
476 1502 511 1543 rn
534 1501 597 1562 quo
620 1479 818 1564 evigilarunt
841 1500 936 1544 curae
960 1483 993 1543 et
1015 1478 1138 1565 cogita-

127 1568 232 1633 tiones
257 1589 361 1650 meae,
388 1566 546 1650 siquidem
572 1566 654 1630 nihil
677 1567 788 1651 peperi
812 1568 892 1650 tale,
920 1567 1002 1631 nihil
1026 1589 1135 1632 conse
1153 1585 1180 1625 ιι

128 1661 221 1720 cutus
246 1677 330 1738 sum,
357 1659 395 1719 ut
422 1677 460 1719 eo
485 1658 573 1718 statu
596 1675 713 1738 essem,
744 1676 839 1738 quem
861 1677 965 1738 neque
987 1655 1138 1720 fortunae

76 1760 109 1808 18
128 1743 295 1808 temeritas
310 1764 413 1826 neque
427 1742 630 1808 inimicorum
651 1743 865 1809 labefactaret
883 1743 1022 1808 iniuria?
1054 1742 1139 1808 Mor-

127 1837 236 1896 temne
259 1831 341 1895 mihi
367 1830 544 1913 minitaris,
575 1835 612 1896 ut
640 1831 771 1896 omnino
799 1832 841 1896 ab
869 1831 1068 1915 hominibus,
1096 1853 1139 1896 an

29 1931 34 1941 ‘
128 1920 270 2003 exilium,
292 1923 330 1984 ut
354 1919 396 1984 ab
418 1919 564 2003 inprobis
589 1919 835 2005 demigrandum
859 1920 928 1985 sit?
963 1918 1052 1984 Mors
1076 1924 1138 1984 ter·

127 2008 233 2073 ribilis
257 2008 306 2092 iis,
331 2029 469 2091 quorum
492 2030 564 2072 cum
588 2008 656 2072 vita
679 2008 788 2073 omnia
808 2009 1050 2092 extinguuntur,
1072 2029 1138 2072 non
1153 2025 1180 2065 ιο

127 2096 182 2178 iis,
215 2117 352 2180 quorum
379 2097 452 2159 laus
480 2095 582 2160 emori
610 2117 676 2160 non
707 2100 830 2180 potest,
863 2096 995 2160 exilium
1029 2099 1138 2160 autem

128 2184 205 2262 illis,
231 2184 347 2266 quibus
371 2182 465 2265 quasi
487 2183 748 2268 circumscriptus
773 2187 822 2249 est
844 2184 1015 2249 habitandi
1038 2185 1138 2267 locus,

127 2292 194 2335 non
212 2271 261 2353 iis,
286 2270 341 2354 qui
360 2291 488 2335 omnem
508 2271 619 2336 orbem
638 2275 799 2337 terrarum
817 2295 915 2337 unam
935 2273 1048 2337 urbem
1067 2293 1138 2337 esse

129 2359 258 2424 ducunt.
303 2357 348 2422 Te
376 2358 537 2441 miseriae,
570 2363 603 2424 te
636 2381 808 2425 aerumnae
837 2365 989 2446 premunt
1016 2381 1138 2443 omnes,

46 2451 48 2456 ’
129 2447 184 2530 qui
208 2451 240 2511 te
263 2447 408 2524 beatum,
433 2447 488 2530 qui
513 2450 546 2511 te
574 2447 743 2512 florentem
766 2453 877 2532 putas,
909 2453 1032 2514 letuae
1056 2448 1137 2514 lubi·
1152 2465 1179 2506 ιι

129 2535 219 2599 dines
247 2538 414 2619 torquent,
446 2539 482 2599 tu
510 2535 578 2600 dies
605 2539 780 2620 noctesque
808 2537 974 2620 cruciaris,
1001 2537 1052 2601 cui
1079 2558 1138 2602 nec

129 2629 181 2687 sat
204 2626 268 2707 est,
292 2623 377 2707 quod
401 2627 464 2706 est,
492 2628 524 2688 et
547 2624 580 2688 id
602 2625 710 2709 ipsum
732 2646 772 2688 ne
796 2645 862 2689 non
884 2625 1070 2689 diuturnum
1094 2625 1138 2688 sit

127 2711 288 2793 futurum,
320 2712 429 2793 times,
463 2716 496 2775 te
524 2713 739 2778 conscientiae
768 2713 939 2778 stimulant
965 2712 1138 2778 maleficio-

129 2822 201 2863 rum
229 2804 373 2883 tuorum,
405 2803 438 2864 te
470 2803 575 2864 metus
608 2801 794 2865 exanimant
820 2801 1012 2866 iudiciorum
1039 2805 1139 2884 atque

129 2888 252 2972 legum,
281 2909 482 2989 quocumque
505 2888 695 2972 adspexisti,
723 2892 761 2952 ut
783 2888 936 2953 furiae'
910 2911 956 2953 sic
979 2894 1053 2953 tuae
1076 2889 1139 2952 tibi
1153 2906 1181 2946 ιο

129 2975 325 3040 occurmmt
316 2976 461 3059 iniuriae,
485 2997 567 3058 quae
580 2979 614 3040 te
633 2976 796 3059 suspirare
815 2977 916 3041 libere
934 2998 1001 3041 non
1019 2977 1139 3041 sinunt

3 3083 4 3154 j
77 3078 108 3126 19
129 3062 233 3138 Quam
256 3063 298 3128 ob
322 3085 404 3146 rem,
433 3067 471 3128 ut
497 3063 692 3148 inproboet
716 3065 818 3129 stulto
842 3069 875 3129 et
897 3065 996 3129 inerti
1017 3065 1140 3129 nemini

3 3157 4 3172 ¹
128 3152 210 3216 bene
238 3173 308 3216 esse
335 3173 378 3236 po
379 3155 458 3235 t,est
486 3151 532 3216 sic
558 3151 662 3217 bonus
686 3151 737 3216 vir
764 3157 797 3216 et
825 3152 954 3237 sapiens
982 3156 1015 3216 et
1041 3152 1138 3217 fortis

129 3239 227 3302 miser
244 3261 314 3303 esse
332 3261 427 3304 nemo
441 3261 484 3323 po
486 3243 560 3304 t,est
586 3238 653 3305 Nec
668 3260 754 3322 vero,
773 3241 888 3325 quoius
904 3241 1006 3306 virtus
1021 3262 1140 3306 mores-

129 3347 191 3408 que
215 3325 368 3390 laudandi
391 3331 476 3411 sunt,
500 3327 567 3392 eius
590 3348 657 3393 non
679 3327 841 3395 laudanda
863 3330 932 3393 vita
953 3334 1011 3413 est,
1034 3351 1139 3413 neque
1154 3344 1180 3386 ³⁵

128 3433 226 3496 porro
259 3412 414 3498 fugienda
444 3379 513 3479 vita
545 3419 611 3498 est,
646 3436 729 3499 quae
760 3416 922 3482 laudanda
954 3422 1017 3500 est·
1054 3421 1140 3481 esset

129 3523 170 3564 au
172 3504 238 3564 tem
260 3499 424 3585 fugienda,
447 3503 476 3566 si
498 3506 583 3566 esset
606 3503 733 3567 misera.
770 3502 872 3578 Quam
892 3505 933 3568 ob
952 3465 1030 3586 reni,
1055 3504 1140 3587 quic·
