2578 3950
159 172 223 235 174
455 167 609 224 annulus
627 167 677 221 DE
695 167 861 223 AMICITIA

158 331 373 418 cogitationes
396 331 583 396 abiecenmt
604 331 639 394 in
661 351 731 394 rem
753 333 824 396 tam
850 328 1008 394 humilem
1036 332 1174 415 tamque

158 423 387 506 contemptam.
431 417 536 495 Quam
559 420 693 506 obrem
716 419 777 484 hos
801 418 931 503 quidem
954 418 995 483 ab
1019 417 1085 484 hoc
1108 441 1175 484 ser-

158 531 254 575 mone
285 529 522 593 removeamus,
553 507 616 592 ipsi
648 510 757 572 autem
789 506 1019 593 intellegamus
1051 511 1175 573 natura

159 598 252 684 gigni
270 611 408 662 sensum
418 596 573 682 diligendi
587 599 620 660 et
638 595 877 661 benivolentiae
892 595 1064 660 caritatem
1083 597 1176 662 facta

160 685 396 772 significatione
418 685 602 771 probitatis.
647 681 751 759 Quam
775 683 831 767 qui
853 682 1094 770 adpetiverunt,
1120 685 1175 750 ad·
1199 705 1211 746 s
1257 733 1258 778 ,

158 775 283 860 plicant
305 795 340 840 se
363 778 397 839 et
418 774 552 860 propius
575 771 759 856 admovent,
779 775 818 836 ut
840 775 874 836 et
891 793 953 836 usu
971 773 1050 851 eins,
1075 795 1175 858 quem
1257 783 1258 792 ’

160 863 293 951 diligere
316 867 499 948 coeperunt,
520 861 672 927 fruantur
695 865 728 926 et
751 859 896 926 moribus
920 861 1050 945 sintque
1074 883 1174 946 pares

158 953 195 1018 in
217 972 327 1018 amore
349 955 383 1016 et
406 951 556 1036 aequales
578 949 869 1036 propensioresque
888 949 929 1014 ad
946 949 1029 1014 bene
1048 972 1175 1016 meren·

160 1041 237 1106 dum
259 1061 357 1127 quarn
380 1039 421 1106 ad
443 1039 691 1125 reposcendum,
714 1043 812 1125 atque
834 1037 914 1104 haec
936 1038 1023 1102 inter
1047 1060 1105 1105 eos
1130 1039 1175 1104 sit

159 1131 298 1196 honesta
316 1128 461 1196 certatio.
493 1125 546 1195 Sic
564 1132 597 1194 et
614 1129 777 1194 utilitates
796 1150 835 1193 ex
849 1126 993 1193 amicitia
1008 1128 1174 1194 maximae
1188 1151 1212 1191 rc

160 1220 343 1304 capientur,
365 1223 400 1284 et
421 1218 484 1284 erit
506 1217 574 1283 eius
598 1221 689 1283 ortus
713 1239 732 1282 a
753 1220 873 1282 natura
895 1236 993 1301 quam
1017 1217 1059 1281 ab
1083 1217 1174 1282 inbe

160 1308 298 1374 cillitate
320 1307 452 1394 gravior
475 1310 509 1371 et
530 1306 645 1372 uerior.
690 1304 777 1371 Nam
800 1305 829 1370 si
855 1303 982 1370 utilitas
1007 1305 1174 1371 amicitias

160 1397 410 1484 conglutinaret,
432 1389 544 1460 eadem
567 1397 768 1460 commutata
790 1392 996 1477 dissolveret3
1019 1394 1078 1458 sed
1097 1395 1175 1480 quia

159 1489 278 1551 natura
296 1484 416 1550 mutari
433 1505 500 1548 non
517 1485 637 1567 potest,
656 1483 776 1548 idcirco
794 1503 889 1548 verae
909 1482 1072 1547 amicItiae
1093 1505 1175 1548 sem·

159 1574 306 1658 piternae
330 1575 414 1636 sunt.
459 1569 576 1635 Ortum
599 1571 728 1654 quidem
756 1569 918 1636 amicitiae
945 1570 1080 1656 videtis,
1110 1572 1175 1637 nisi
1189 1593 1213 1634 rs

161 1661 239 1744 quid
261 1661 303 1724 ad
324 1661 405 1724 haec
426 1658 512 1724 forte
535 1659 645 1723 vultis.

225 1747 373 1815 Firmus.
413 1745 463 1812 Tu
481 1767 558 1812 vero
576 1768 685 1834 perga,
707 1746 812 1832 Laeli3
834 1768 894 1832 pro
912 1746 975 1814 hoc
1001 1748 1100 1835 enim,
1119 1750 1176 1834 qui

160 1835 267 1902 minor
290 1839 341 1902 est
362 1839 455 1920 natu,
478 1856 551 1901 meo
573 1835 643 1901 iure
666 1835 854 1920 respondeo.

107 1943 141 1992 33
226 1924 394 1994 Scrsroar.
429 1923 528 1990 Recte
550 1928 588 1988 tu
614 1924 751 2008 quidem.
783 1922 1045 2000 Quamobrem
1065 1925 1176 1992 audia-

161 2035 243 2080 mus.
1188 2035 1212 2075 rc

110 2104 151 2169 10
226 2101 370 2167 Lssrrus.
401 2099 521 2164 Audite
539 2121 625 2184 vero,
644 2099 771 2186 optumi
787 2099 858 2183 viri,
881 2121 928 2186 ea,
951 2121 1034 2184 quae
1053 2103 1175 2187 saepis·

161 2189 241 2253 sime
264 2188 418 2253 interme
437 2191 470 2251 et
488 2185 672 2272 Scipionem
695 2189 734 2254 de
753 2189 897 2253 amicitia
919 2187 1174 2256 disserebantur.

162 2275 366 2360 Quamquam
392 2275 450 2340 ille
478 2275 607 2360 quidem
629 2277 713 2341 nihil
744 2276 908 2342 difficilius
936 2298 1007 2342 esse
1025 2277 1175 2366 dicebat,

161 2386 259 2449 quam
282 2362 459 2429 amicitiam
481 2385 583 2447 usque
606 2365 647 2430 ad
670 2368 850 2431 extremum
872 2365 960 2430 vitae
988 2364 1074 2431 diem
1103 2389 1174 2452 per-

162 2473 300 2518 manere.
344 2450 445 2535 Nam,
474 2453 526 2517 vel
553 2456 683 2518 utnon
709 2453 794 2519 idem
822 2452 999 2538 expediret,
1030 2453 1173 2520 incidere
1187 2473 1212 2515 rr

162 2561 267 2625 saepe,
289 2540 342 2606 vel
364 2543 402 2605 ut
425 2541 464 2605 de
486 2562 521 2605 re
544 2541 676 2625 publica
697 2563 762 2606 non
784 2541 871 2606 idern
892 2541 1082 2627 sentiretur3
1107 2567 1174 2609 mu·

39 2689 45 2704 ,
161 2629 227 2695 tari
254 2629 354 2695 etiam
381 2650 488 2694 mores
515 2629 683 2694 hominum
712 2650 807 2715 saepe
835 2629 977 2718 dicebat,
1009 2630 1092 2696 alias
1122 2632 1174 2697 ad-

161 2718 265 2784 uersis
283 2718 390 2803 rebus,
413 2718 495 2783 alias
514 2720 621 2783 aetate
643 2718 896 2804 ingravescente.
932 2717 1042 2802 Atque
1062 2739 1175 2785 earum

162 2829 270 2872 rerum
285 2807 468 2892 exemplum
482 2827 521 2872 ex
535 2805 746 2871 similitudine
765 2806 915 2891 capiebat
929 2804 1071 2871 ineuntis
1087 2812 1176 2874 aeta·

162 2894 216 2978 tis,
236 2895 322 2978 quod
340 2893 459 2960 summi
475 2915 651 2980 puerorum
665 2896 790 2960 amores
806 2915 901 2980 saepe
915 2915 981 2960 una
995 2915 1068 2960 cum
1081 2917 1175 2980 prae
1188 2915 1213 2956 a

110 2998 144 3048 34
163 2985 254 3046 texta
280 2985 360 3069 toga
386 2986 597 3068 ponerentur3
629 2983 680 3048 sin
711 2986 820 3049 autem
850 2984 892 3048 ad
919 2983 1175 3050 adulescentiam

162 3070 401 3157 perduxissent,
429 3070 537 3136 dirimi
563 3076 675 3136 tamen
700 3071 863 3137 interdum
891 3072 1099 3137 contentione
1122 3073 1175 3138 uel

162 3159 294 3223 uxoriae
316 3158 513 3226 condicionis
535 3161 588 3224 uel
612 3160 772 3226 commodi
801 3158 950 3244 alicuius,
978 3160 1066 3244 quod
1087 3161 1175 3226 idem

164 3245 299 3330 adipisci
325 3251 460 3332 uterque
487 3267 553 3312 non
580 3252 701 3333 posset.
747 3247 869 3324 Quodsi
896 3248 953 3332 qui
980 3249 1112 3334 longius
1141 3250 1176 3314 in

164 3332 308 3398 amicitia
325 3335 471 3417 provecti
489 3339 607 3420 essent,
628 3341 740 3401 tamen
759 3358 854 3422 saepe
873 3336 1075 3422 labefactari,
1093 3339 1175 3402 siin
1187 3352 1212 3394 ³⁶

163 3418 297 3484 honoris
316 3421 556 3487 contentionem
573 3423 775 3510 incidissent3
797 3427 924 3510 pestem
945 3425 1030 3490 enim
1048 3426 1174 3491 nnllam

165 3507 322 3572 maiorem
349 3527 420 3572 esse
447 3509 598 3576 amicitiis
627 3533 725 3597 quarn
756 3514 791 3579 in
821 3512 986 3598 plerisque
1018 3515 1174 3599 pecuniae
