2512 3932
141 201 183 268 32
533 199 582 254 nn
602 199 751 256 orrrcns

141 365 268 429 tiones
292 363 533 447 proeliorum
555 363 765 428 ferocitate
789 362 1010 426 exultantes
1032 361 1153 426 domi·

141 453 295 517 toribus
314 450 469 516 tradere
489 451 656 534 soleant,
674 453 716 516 ut
733 450 782 514 iis
801 449 1051 514 facilioribus
1066 471 1157 535 pos·

142 540 222 603 sint
240 539 311 623 uti,
335 539 390 604 sic
407 539 581 604 homines
601 538 773 602 secundis
792 539 906 602 rebus
930 537 1156 603 ecfrenatos
1246 577 1247 602 l

143 627 296 710 sibique
315 626 581 712 praefidentes
598 629 793 709 tamquam
811 626 850 690 in
873 646 1007 711 gyrum
1030 625 1156 690 ratio·

141 715 201 779 nis
224 719 261 780 et
280 715 480 781 doctrinae
499 714 586 779 duci
602 718 800 799 oportere,
823 716 864 778 ut
882 713 1185 798 perspicerents
1246 719 1247 724 ’

142 825 268 868 rerum
290 801 542 868 humanarum
569 801 874 868 inbecillitatem
902 801 1156 867 varietatem·
1246 851 1247 874 ,

89 905 121 954 91
143 914 213 975 que
241 890 444 956 fortunae?
476 891 586 974 Atque
611 890 710 955 etiam
732 889 767 956 in
793 888 1032 954 secundissimis
1056 889 1156 954 rebus

143 979 282 1042 maxime
305 983 355 1042 est
378 977 533 1043 utendum
557 978 692 1044 consilio
715 978 894 1043 amicorum
920 977 1025 1061 iisque
1048 979 1158 1044 maior
1246 989 1247 1058 ᾖ

143 1066 242 1130 etiam
261 1087 360 1150 quam
378 1069 453 1130 ante
471 1066 644 1132 tribuenda
662 1065 848 1132 auctoritas.
884 1065 1055 1149 Isdemque
1074 1069 1158 1130 tem·
1246 1101 1247 1144 3

141 1153 276 1238 poribus
299 1155 477 1221 cavendum
498 1158 559 1238 est,
581 1176 622 1218 ne
641 1154 898 1220 assentatoribus
916 1152 1155 1239 patefaciamus
1173 1175 1199 1214 ro
1246 1155 1247 1230 l

143 1242 231 1306 auris
248 1263 329 1308 nere
348 1243 474 1308 adulari
492 1262 551 1307 nos
573 1242 726 1326 sinamus,
748 1242 783 1306 in'
802 1264 866 1326 quo
883 1241 956 1308 falli
974 1241 1071 1307 facile
1090 1247 1156 1326 est;
1246 1293 1247 1296 ,

142 1330 226 1394 tales
254 1330 341 1396 eninr
367 1351 427 1418 ops
456 1351 526 1396 esse
553 1335 719 1415 putamus,
747 1334 784 1394 ut
806 1332 877 1395 iure
904 1329 1087 1413 laudemur3
1116 1351 1156 1394 ex
1228 1350 1247 1408 Q

144 1439 207 1502 quo
234 1423 411 1484 nascuntur
441 1418 692 1484 innumerabilia
723 1422 869 1502 peccata,
902 1439 975 1483 oum
1004 1417 1155 1483 homines
1246 1419 1247 1488 Ξ

142 1506 249 1570 inflati
276 1507 481 1592 opinionibus
509 1507 650 1591 turpiter
676 1507 852 1572 irridentur
880 1509 913 1570 et
939 1505 974 1570 in
1001 1507 1155 1572 maximis
1246 1543 1247 1600 q

90 1607 123 1656 92
143 1597 314 1660 versantur
333 1595 505 1660 erroribus.
537 1591 600 1660 Sed
617 1595 698 1660 haec
716 1594 844 1678 quidem
863 1594 1029 1659 hactenus.
1066 1594 1156 1661 Illud
1172 1613 1199 1655 rs
1246 1651 1247 1668 ,

144 1686 253 1747 autem
272 1683 317 1746 sic
336 1686 388 1747 est
405 1682 621 1766 iudicandum,
639 1683 797 1750 maximas
815 1683 887 1768 geri
905 1703 957 1748 res
971 1686 1005 1746 et
1019 1683 1157 1748 maximi
1246 1677 1247 1746 l

143 1769 244 1834 animi
272 1770 313 1834 ab
340 1769 394 1854 iis,
427 1771 483 1854 qui
510 1791 562 1836 res
589 1770 738 1856 publicas
765 1775 897 1858 regant,
928 1770 1015 1855 quod
1042 1792 1156 1837 earum

1246 1747 1247 1800 l

138 1856 383 1923 'administratio
414 1858 574 1924 latissime
606 1863 720 1944 pateat
752 1859 794 1927 ad
823 1859 1047 1944 plurimosque
1083 1882 1156 1944 per·

143 1945 261 2030 tineat3
280 1968 350 2012 esse
365 1951 474 2014 autem
493 1948 605 2032 magni
623 1947 723 2013 animi
742 1950 775 2012 et
792 1947 892 2013 fuisse
911 1947 1033 2013 multos
1052 1948 1156 2014 etiam
1246 1945 1247 2040 l

142 2034 178 2099 in
200 2035 269 2100 vita
296 2035 415 2120 otiosa,
442 2035 498 2120 qui
526 2039 582 2101 aut
609 2035 847 2122 investigarent
873 2039 930 2101 aut
958 2040 1156 2102 conarentur
1171 2056 1199 2096 ao
1246 2047 1247 2124 l

143 2141 264 2207 magna
291 2122 449 2206 quaedam
472 2143 606 2208 seseque
637 2144 769 2188 suarum
795 2144 903 2189 rerum
931 2123 1051 2189 finibus
1080 2146 1155 2190 oon·
1246 2141 1247 2208 l

143 2209 284 2274 tinerent
298 2213 356 2274 aut
369 2209 531 2274 interiecti
543 2211 628 2276 inter
645 2210 859 2296 philosophos
879 2215 912 2276 et
930 2233 995 2295 eos,
1009 2212 1066 2296 qui
1083 2234 1155 2278 rem
1246 2237 1247 2300 q

142 2296 307 2381 publicam
326 2296 602 2381 administrarent,
620 2299 857 2365 delectarentur
874 2321 910 2365 re
924 2321 983 2365 sua
996 2300 1156 2366 familiari

142 2406 209 2450 non
231 2407 303 2451 eam
326 2385 455 2468 quidem
474 2387 562 2450 omni
582 2386 708 2452 ratione
726 2391 961 2474 exaggerantes
979 2409 1083 2472 neque
1102 2411 1155 2454 ex·
1246 2399 1247 2462 l

144 2471 309 2538 cludentes
330 2473 372 2537 ab
396 2473 464 2538 eius
486 2494 548 2539 usu
570 2495 646 2540 suos
669 2474 851 2559 potiusque
865 2480 898 2541 et
916 2476 1029 2542 amicis
1047 2477 1154 2562 inper-
1168 2494 1197 2537 rs
1246 2471 1247 2532 l

143 2559 262 2624 tientes
285 2563 319 2626 et
341 2560 389 2625 rei
415 2561 578 2646 publicae,
605 2562 634 2627 si
661 2563 789 2646 quando
817 2585 894 2630 usus
922 2568 1017 2630 esset.
1062 2563 1153 2641 Quae
1246 2579 1247 2650 l

143 2647 286 2733 primum
316 2648 398 2714 bene
429 2652 527 2734 parta
558 2649 603 2714 sit
633 2651 725 2716 nullo
756 2673 859 2736 nequa
891 2653 980 2737 turpi
1015 2657 1156 2736 quaestu
1246 2663 1247 2725 ἶ

143 2758 247 2821 neque
266 2736 392 2821 odioso,
411 2737 524 2804 deiude
545 2743 704 2825 augeatur
724 2740 865 2823 ratione,
884 2740 1062 2827 diligentia,
1080 2763 1155 2826 par·
1246 2727 1247 2794 l

145 2825 296 2910 simonia,
319 2829 390 2892 tum
413 2848 510 2910 quam
533 2827 697 2911 plurimis,
716 2829 811 2894 modo
836 2828 956 2915 dignis,
980 2851 1014 2894 se
1036 2830 1154 2896 utilem

142 2913 300 2997 praebeat
329 2936 389 2980 nec
416 2914 554 2980 lubidini
576 2916 685 3001 potius
709 2916 918 3002 luxuriaeque
946 2939 1044 3001 quam
1074 2917 1197 2983 libe-eo
1246 2923 1247 2950 ³

143 3000 270 3066 ralitati
292 3005 325 3066 et
347 3002 577 3069 beneficentiae
600 3007 723 3088 pareat.
759 3003 856 3106 Haec,
868 3006 1069 3090 praescripta
1088 3027 1154 3072 ser·
1246 2975 1247 3068 i

142 3092 275 3156 vantem
306 3089 383 3156 licet
412 3082 597 3176 magnifice,
629 3093 773 3177 graviter
805 3115 1011 3178 ammoseque
1042 3094 1154 3160 vivere
1246 3079 1247 3164 l

144 3179 242 3260 atque
256 3177 356 3243 etiarn
366 3178 565 3263 simpliciter,
578 3179 728 3266 fideliter,
741 3181 848 3264 'svera
862 3182 1031 3248 homiuum
1040 3183 1153 3248 amice.
1246 3201 1247 3272 j

90 3239 132 3368 9237
210 3262 371 3350 Sequitur,
393 3269 432 3332 ut
450 3267 489 3332 de
507 3288 572 3332 una
590 3269 716 3353 reliqua
734 3273 827 3354 parte
845 3270 1027 3336 honestatis
1049 3271 1153 3338 dioen—
1246 3297 1247 3316 ³

144 3351 220 3416 dum
243 3353 301 3436 sit,
328 3353 364 3416 in
390 3375 455 3438 qua
476 3356 668 3422 verecundia
691 3361 724 3422 et
747 3358 840 3442 quasi
863 3359 995 3444 quidam
1017 3363 1154 3426 ornatus
1168 3376 1196 3419 ³⁵
1246 3377 1247 3380 ’

143 3440 243 3522 vitae,
266 3442 482 3525 temperantia
505 3447 538 3507 et
561 3444 720 3512 modestia
743 3446 911 3531 omnisque
934 3447 1059 3514 sedatio
1082 3468 1154 3533 per·
1246 3459 1247 3484 l

142 3527 368 3593 turbationum
387 3529 487 3594 animi
506 3533 539 3594 ct
557 3552 666 3598 rerum
683 3536 798 3603 modus
813 3535 962 3601 cernitur.
993 3533 1065 3601 Hoc
1079 3536 1153 3602 loco
1246 3557 1247 3618 3
