2542 3950
337 178 563 234 FRAGMENTA
582 179 749 236 [NGERTA.
769 183 789 236 Ι.
810 190 906 238 1-15.
1059 185 1124 252 407

111 343 310 426 hominibus,
333 342 442 424 inanit,
466 343 578 407 abhis
597 347 654 408 aut
673 344 785 409 datum
806 349 856 410 est
877 346 997 410 donum
1020 348 1124 413 maius

112 438 172 497 aut
195 431 303 516 potuit
326 431 430 495 ullum
453 431 531 496 dari.
557 469 598 477 —
621 431 668 511 Of.
691 435 788 497 Aac.
811 434 838 499 I
854 439 886 500 2.
909 441 984 499 len.

184 521 233 584 10.
256 521 385 601 Anpnst.
413 521 466 583 cio.
493 521 522 584 el.
551 519 643 585 V26
656 541 701 586 eu.
724 522 811 586 Nam
837 524 866 586 si
890 543 953 587 non
975 525 1018 588 at
1040 524 1125 589 liler-

112 614 207 673 tatcm
224 629 298 673 cera
314 609 442 686 auaui,
464 609 517 672 secl
533 609 576 673 acl
593 609 748 674 licentiam
764 610 845 675 male
866 611 987 676 dicendi
1008 617 1125 694 tempus

84 702 279 778 senpeciant
301 696 390 779 absit,
412 701 448 760 nt
468 698 512 760 eis
534 698 659 780 eueniat,
682 699 763 780 quael
783 700 830 762 ait
853 698 975 764 Tullius
997 702 1033 764 olo
1054 721 1124 781 qno-

112 787 199 863 clam,
226 786 281 867 qni
301 785 451 865 peccandi
477 785 599 849 lc‘centia
623 786 701 866 felia
722 787 953 867 appellabatur:
981 785 1125 852 Omise-

112 895 200 956 rum,
230 873 280 937 cui
303 893 436 956 peecare
459 872 593 937 licebat!
619 909 655 920 -
682 875 836 939 Martiam.
860 873 934 957 Cap.
963 876 995 940 V
1011 879 1075 940 517
1090 899 1124 958 p.

113 963 250 1026 475.11
271 961 380 1024 Halm.
407 963 546 1042 quamvis
569 960 671 1026 Oicero
698 997 734 1007 —
764 963 878 1027 heroici
903 983 1007 1028 omncs
1032 965 1125 1045 finem

113 1049 161 1114 oel
178 1050 305 1113 initiam
322 1069 385 1112 non
403 1049 536 1131 molinet,
557 1069 626 1113 cum
643 1050 733 1114 dicit:
756 1047 784 1113 Ο
803 1051 965 1135 miserum,
984 1053 1036 1115 cui
1054 1074 1124 1136 pec·

73 1155 101 1194 1⁰
115 1157 189 1202 care
219 1137 349 1202 licebat!
380 1171 421 1182 -
448 1136 609 1202 Ammian.
636 1138 737 1202 Marc.
765 1137 891 1203 XXVI
912 1145 961 1203 10.
989 1142 1124 1206 121m·

109 1230 237 1309 perator
257 1225 433 1306 promptior
454 1225 497 1288 acl
522 1227 689 1291 nocendum
711 1227 947 1292 criminantibus
963 1234 1076 1309 patcns
1096 1235 1127 1294 et

112 1316 256 1395 funmeas
269 1314 433 1378 delationes
450 1313 619 1378 adsciscens
630 1334 689 1395 per
704 1315 924 1396 suppliciorum
937 1317 1125 1384 diversitates

115 1402 294 1481 effrenatius
319 1401 468 1465 enullavit
494 1403 659 1466 sententiae
689 1401 776 1466 illins
804 1403 970 1468 Tullianae
996 1406 1125 1487 ipnarrcs

114 1492 247 1555 incentu
272 1489 407 1569 infelices
433 1507 494 1555 csse
519 1509 583 1574 cos,
613 1491 667 1573 qai
693 1491 799 1556 omnia
824 1491 884 1556 sili
911 1491 998 1557 licere
1023 1494 1123 1559 misti-

77 1594 102 1636 15
116 1583 253 1643 morunt.

186 1669 235 1731 11.
257 1666 389 1749 Aupust.
411 1687 455 1748 ep.
473 1671 544 1732 143.
562 1672 586 1733 2
606 1668 641 1732 Τ.
664 1668 711 1732 ΙΙ
723 1690 756 1750 p.
774 1673 839 1735 352
852 1670 941 1751 Asq.
964 1672 1008 1736 ecl.
1030 1671 1124 1738 Anto.

116 1760 201 1820 1700
224 1754 360 1819 Romani
381 1756 537 1820 maximas
559 1761 665 1820 auctm
688 1757 811 1822 Tullius
833 1758 960 1839 eloquii:
988 1758 1125 1824 Nullum

114 1851 271 1927 ‘umquam
297 1843 448 1925 verbum,
479 1844 581 1924 inquit
610 1845 647 1908 cle
677 1845 825 1927 quodam,
857 1846 943 1928 quod
973 1868 1124 1913 revocare

116 1931 230 2014 vellet,
254 1931 371 1995 emisit.

76 2035 103 2075 2⁰
185 2021 236 2084 12.
263 2019 348 2084 Plin.
374 2023 438 2082 nat.
465 2017 535 2082 list.
563 2018 688 2082 XXIX
712 2024 756 2085 92
784 2020 846 2084 Est
871 2025 901 2084 et
923 2021 1125 2101 formicarum

114 2127 210 2188 penus
230 2111 420 2185 venenatum,
442 2127 506 2171 non
525 2107 589 2188 fere
610 2109 646 2172 in
668 2107 782 2185 Italia;
806 2107 998 2194 ‘solipugas'
1022 2109 1124 2175 (licero

116 2195 259 2277 appellet.

185 2283 235 2347 13.
249 2282 335 2348 Plin.
352 2289 416 2348 nat.
435 2283 807 2349 liestmonam
822 2283 925 2358 Cicero
944 2285 1040 2349 tradit
1057 2287 1124 2350 ani

116 2370 216 2436 malia
243 2369 385 2435 ‘biuros'
413 2373 529 2454 uocari,
557 2373 708 2452 quiritis
735 2373 770 2435 in
793 2370 968 2453 Campania
989 2375 1123 2437 erodant.

77 2473 104 2514 πῆ
186 2460 236 2522 14.
263 2456 613 2525 Suet.rlet,10iccro
640 2460 683 2522 acl
702 2464 886 2540 praeturam
912 2479 1006 2540 usque
1031 2463 1124 2524 etiam
1261 2465 1262 2478 l

118 2545 233 2610 Graece
250 2548 463 2629 declamitaoit,
483 2547 593 2610 Latine
609 2567 678 2610 cero
695 2548 796 2610 senior
813 2567 936 2630 quoqne,
959 2552 988 2611 et
1003 2549 1124 2628 animm
1261 2561 1262 2564 ’

116 2655 186 2699 ann
214 2636 387 2700 causalibus
413 2634 521 2698 Hirtio
547 2639 576 2698 et
601 2633 722 2713 Pansa,
753 2654 827 2716 quos
860 2634 1067 2719 ‘discipulos'
1097 2643 1126 2701 ei

118 2721 261 2807 ‘grandis
284 2720 518 2807 praetextatos'
545 2722 676 2786 vocabat.
702 2757 741 2768 -
765 2720 835 2788 Son.
863 2728 955 2786 cmtr.
978 2724 1081 2804 praefi
1103 2725 1127 2787 1

116 2816 156 2874 11
178 2811 331 2891 Alioquin
352 2812 388 2876 in
409 2810 463 2874 illo
485 2810 606 2892 atriolo,
628 2812 663 2874 in
684 2829 743 2891 quo
765 2811 841 2874 daos
864 2808 1014 2895 ‘grandes
1033 2833 1124 2895 prae-

78 2913 103 2954 to
116 2897 272 2962 textolos'
295 2901 343 2962 ait
363 2918 463 2963 senem
484 2898 661 2980 declamare,
681 2898 772 2979 potui
794 2899 904 2963 adesse.
926 2933 969 2943 -
993 2897 1040 2979 Of.
1063 2898 1124 2965 Oic.
1259 2959 1260 2964 ,

114 2985 191 3068 farn.
213 2986 272 3052 IX
292 2992 341 3050 16.
366 2992 395 3070 7,
419 2986 547 3066 Quintil.
569 2983 716 3049 ΧΙΓΠ.
733 2991 769 3048 ’6.

185 3073 234 3138 15.
257 3075 362 3140 Amm.
385 3074 486 3138 Marc.
509 3073 614 3136 XXX
633 3077 663 3138 4.
686 3080 708 3137 7
729 3071 805 3137 Post
826 3092 900 3154 qnos
921 3073 1124 3154 eloquentissi
1258 3107 1259 3150 2

116 3179 185 3226 mus
203 3163 341 3227 omnium
355 3159 458 3226 Cicero
476 3162 625 3225 orationis
641 3161 822 3242 imperiosae
838 3161 1021 3242 fluminibus
1037 3182 1125 3244 saepe
1258 3153 1259 3185 ¹

115 3251 268 3330 depressos
284 3251 405 3332 aliquos
422 3250 608 3312 iudiciorum
626 3249 758 3330 cripiens
775 3250 912 3330 flammo
929 3269 992 3314 uon
1005 3250 1125 3329 olefenli

78 3335 252 3402 commines
273 3339 339 3402 siue
360 3337 580 3420 vituperatione
600 3337 731 3417 fortasse
746 3357 848 3422 posse,
870 3338 1055 3421 neplepenter
1076 3340 1124 3404 cle·

113 3425 293 3580 {condamm
318 3426 425 3492 sectere
450 3443 512 3491 non
530 3445 619 3508 posse
643 3425 799 3508 firmabat.
822 3461 865 3471 -
888 3424 936 3507 Of.
957 3427 1017 3491 dio.
1040 3424 1125 3492 Caco.
