2512 3932
329 197 397 254 LIB.
417 197 439 251 I.
476 196 552 253 CAP.
572 204 687 254 24-26.
725 204 740 265 9
758 205 872 256 84-90,
1061 201 1102 266 31

91 358 284 442 censebunt3
301 359 384 423 nihil
404 359 489 424 enim
507 359 713 445 laudabilius,
731 359 813 426 nihil
832 383 952 448 magno
966 366 1000 444 et
1013 383 1104 450 prae-

91 447 181 513 claro
203 446 276 512 viro
300 446 430 533 dignius
456 447 681 533 placabilitate
709 452 806 533 atque
839 450 1019 516 clementia.
1065 449 1105 514 In

90 534 205 601 liberis
227 556 306 601 vero
325 535 454 620 populis
475 540 509 601 et
526 536 560 600 in
578 535 658 600 iuris
677 537 909 619 aequabilitate
928 539 1104 604 exercenda

90 624 193 688 etiam
215 627 267 689 est
289 623 431 690 facilitas
455 627 489 689 et
511 624 651 689 altitudo
670 624 779 706 animi,
802 645 885 708 quae
905 625 1031 709 dicitur,
1053 648 1103 710 ne,

65 713 119 776 ⁵si
150 712 333 778 irascamur
365 717 422 778 aut
453 712 680 798 intempestive
711 712 937 778 accedentibus
970 719 1027 779 aut
1057 715 1104 778 in·

87 799 252 885 pudenter
273 800 477 886 rogantibus,
498 800 534 864 in
554 800 779 866 morositatem
798 801 946 866 inutilem
966 807 999 866 et
1017 801 1103 867 odio-

90 909 162 953 sam
186 887 376 954 incidamus.
420 887 466 952 Et
487 892 598 954 tamen
620 889 669 952 ita
692 889 862 972 probanda
884 894 935 954 est
958 896 1103 955 mansue

89 975 171 1041 tudo
192 980 290 1060 atque
308 977 489 1058 clementia,
506 981 544 1042 ut
562 976 755 1042 adhibeatur
773 978 819 1042 rei
837 978 987 1063 publicae
1006 999 1104 1044 causa

90 1065 266 1147 severitas,
298 1063 367 1129 sine
399 1087 463 1148 qua
495 1064 716 1129 administrari
748 1066 864 1131 civitas
891 1088 956 1131 non
983 1071 1104 1152 potest.

54 1171 76 1209 1⁰
90 1151 207 1217 Omnis
227 1155 337 1218 autem
356 1155 389 1216 et
407 1153 644 1218 animadversio
664 1157 698 1218 et
715 1153 890 1239 castigatio
907 1155 1104 1220 contumelia

89 1261 208 1306 vacare
232 1239 329 1306 debet
350 1261 454 1324 neque
477 1241 518 1306 ad
541 1241 624 1325 cius,
646 1241 703 1324 qui
725 1243 859 1326 punitur
882 1243 1022 1326 aliquem
1047 1246 1105 1308 aut

90 1328 202 1394 verbis
226 1328 377 1414 castigat,
400 1329 456 1394 sed
479 1329 520 1394 ad
542 1329 589 1394 rei
611 1329 761 1414 publicae
780 1329 959 1407 utilitatem
981 1331 1104 1395 referri.

91 1415 282 1484 Cavendum
304 1421 355 1482 est
377 1417 486 1500 etiam,
506 1439 547 1482 ne
570 1417 675 1484 maior
697 1437 803 1502 poena
821 1438 918 1502 quam
937 1419 1033 1502 culpa
1052 1418 1104 1500 sit,
1122 1432 1156 1481 ca

92 1510 127 1570 et
148 1526 192 1570 ne
213 1505 317 1570 isdem
341 1504 380 1570 de
402 1505 509 1570 causis
534 1505 591 1570 alii
617 1506 816 1590 plectantur,
844 1505 902 1571 alii
929 1527 969 1570 ne
997 1506 1105 1591 appel-

56 1611 79 1651 ιε
93 1595 204 1693 lentur
227 1592 365 1677 quidem.
401 1592 607 1694 Prohibenda
630 1593 903 1696 autemmaxime
926 1599 977 1659 cst
999 1594 1049 1660 ira
1071 1597 1105 1660 in

90 1679 1105 1854 ttttthtttlttthithttttttttttt

92 1879 219 1943 parum,
238 1879 320 1942 quae
338 1859 447 1943 placet
461 1857 696 1944 Peripateticis,
715 1861 749 1922 et
767 1862 854 1924 recte
872 1859 990 1942 placet,
1008 1859 1104 1925 modo

92 1968 132 2010 ne
155 1945 330 2011 laudarent
351 1946 551 2012 iracundiam
573 1949 607 2011 et
629 1945 772 2010 dicerent
797 1945 923 2010 utiliter
946 1967 966 2010 a
987 1950 1105 2012 natura

56 2051 80 2091 ω
94 2035 214 2100 datam.
260 2033 324 2098 llla
351 2055 427 2110 vero
456 2034 606 2100 omnibus
632 2034 667 2098 in
693 2033 791 2098 rebus
823 2032 1023 2119 repudianda
1055 2037 1106 2098 est

94 2122 347 2208 optandumque,
370 2127 407 2186 ut
428 2122 460 2206 ii,
484 2123 539 2207 qui
562 2124 719 2207 praesunt
740 2121 788 2187 rei
809 2121 969 2208 publicae,
994 2122 1105 2209 legum

94 2211 218 2276 similes
242 2210 323 2292 sint,
350 2231 432 2294 quae
460 2211 501 2276 ad
528 2211 724 2296 puniendum
750 2231 817 2276 non
842 2210 1022 2296 iracundia,
1050 2210 1106 2276 sed

94 2299 260 2384 aequitate
284 2299 451 2364 ducuntur.
830 2334 843 2360 .

159 2387 271 2471 Atque
295 2387 393 2452 etiam
415 2388 451 2452 in
473 2387 569 2451 rebus
592 2387 757 2471 prosperis
780 2389 814 2451 et
839 2385 881 2452 ad
903 2387 1104 2454 voluntatem
1115 2361 1158 2488 2,ss

57 2480 243 2541 anoslnam
271 2474 447 2540 fluentibus
479 2474 664 2560 superbiam
696 2495 906 2561 magnopere,
937 2475 1106 2540 fastidium

94 2563 382 2649 arrogantiamque
404 2563 579 2648 fugiamus.
623 2561 710 2628 Nam
732 2567 771 2628 ut
793 2563 945 2628 adversas
967 2584 1036 2648 res,
1059 2563 1105 2628 sic

94 2652 252 2719 secundas
279 2650 481 2716 inmoderate
507 2650 591 2716 ferre
613 2650 759 2715 levitatis
785 2653 848 2734 est,
874 2652 1106 2734 praeclaraque

95 2745 145 2805 cst
168 2738 386 2824 aequabilitas
413 2739 449 2806 in
476 2740 565 2805 omni
587 2739 656 2804 vita
678 2742 712 2803 et
736 2737 822 2802 idem
845 2759 973 2822 semper
995 2738 1105 2802 vultus

95 2828 271 2912 eademque
292 2827 399 2911 frons,
426 2832 465 2892 ut
491 2828 531 2892 de
553 2825 686 2894 Socrate
708 2826 851 2910 itemque
874 2825 913 2889 de
936 2823 971 2890 Ο.
994 2824 1105 2890 Laelio

58 2931 82 2973 ³0
95 2917 287 3002 accepimus.
341 2915 530 3000 Philippum
562 2915 705 3000 quidem,
742 2912 953 2979 Macedonum
985 2934 1106 3000 regem,

94 3006 191 3070 rebus
216 3005 319 3088 gestis
341 3009 375 3069 et
398 3003 504 3092 gloria
527 3007 715 3089 superatum
738 3023 759 3068 a
780 3001 863 3085 filio,
889 3001 1050 3068 facilitate
1073 3007 1106 3067 ct

94 3093 300 3158 humanitate
318 3092 412 3158 video
431 3091 630 3177 superiorem
647 3091 763 3174 fuisse3
784 3090 895 3174 itaque
918 3090 1003 3154 alter
1026 3109 1107 3154 sam·

94 3201 327 3267 permagnus,
356 3181 441 3268 alter
467 3201 564 3265 saepe
589 3178 812 3264 turpissimus,
838 3183 877 3243 ut
905 3181 992 3244 recte
1015 3199 1106 3263 prae·

94 3270 200 3354 cipere
227 3269 411 3352 videantur,
438 3269 494 3353 qui
521 3271 668 3351 monent,
694 3271 745 3351 ut,
772 3271 895 3353 quanto
923 3267 1106 3353 superiores

61 3370 83 3412 ³⁵
96 3358 206 3441 simus,
229 3361 323 3423 tanto
344 3378 405 3423 nos
425 3377 576 3443 geramus
595 3355 807 3422 summissius.
842 3354 1018 3421 Panaetius
1039 3356 1107 3438 qui·

97 3445 169 3512 dem
191 3446 400 3528 Africanum,
423 3445 604 3511 auditorem
627 3447 661 3508 et
682 3443 878 3510 familiarem
902 3465 1009 3525 suum,
1033 3442 1106 3504 soli·

96 3537 166 3600 tum
184 3535 233 3600 ait
251 3533 365 3618 dicere,
384 3533 438 3598 ‘ut
456 3554 574 3618 equos
591 3535 753 3618 propter
776 3533 933 3598 crebras
952 3531 1106 3595 conten-
