2578 3950
167 170 232 236 220
591 165 750 243 munus

115 349 148 399 20
232 329 322 395 Haec
344 329 423 394 deus
445 329 488 411 22,
515 328 571 411 qui
600 331 685 410 erat,
711 327 751 392 de
779 328 953 412 aliquando
974 328 1086 394 futuro
1114 329 1176 396 dee

167 419 316 505 cogitans
343 418 448 482 levem
475 417 570 480 illum
597 415 714 486 effecit,
731 419 766 480 et
798 417 938 501 undique
970 418 1177 502 aequabilem

167 512 243 572 eta
270 505 375 571 medio
404 504 445 569 ad
473 523 635 568 summum
668 521 781 588 parem
808 507 843 568 et
870 503 1049 589 perfectum
1075 509 1176 590 atquc

168 594 355 659 absolutum
369 615 407 658 ex
422 592 583 657 absolutis
596 595 694 674 atque
707 591 870 676 perfectis.
897 592 1051 658 Animum
1066 597 1176 658 autem
1272 605 1273 626 1

167 688 205 747 ut
230 683 266 746 in
297 702 335 747 2ο
368 680 473 746 medio
505 679 700 762 conlocavit,
730 678 780 744 ita
805 699 864 765 per
890 684 998 744 tetum
1020 681 1177 764 tetendit3
1205 699 1218 741 s

167 769 281 836 deinde
302 790 376 835 cum
395 767 604 834 circumdedit
621 787 755 918 cprpore
773 771 808 830 et
823 768 959 832 vestivit
977 769 1177 834 extrinsecus

168 859 321 942 caeloque
358 857 506 942 solivago
539 859 573 920 et
603 875 645 920 uc
659 854 741 920 ubili
772 859 808 919 et
837 856 872 919 in
894 855 1006 921 orbem
1038 856 1176 922 incitato
1252 861 1254 866 '

168 946 342 1029 conplexus
370 948 434 1027 222,
465 943 553 1027 quod
580 963 688 1007 secum
714 942 823 1027 ipsum
854 948 989 1028 propter
1019 945 1177 1010 virtutem

166 1033 263 1098 facile
285 1053 356 1098 esse
382 1036 495 1116 posset
520 1051 580 1096 nec
608 1030 806 1095 desideraret
832 1032 974 1096 alterum
1003 1033 1085 1097 satis
1112 1032 1176 1097 sibi

116 1136 147 1186 21
166 1122 276 1206 ipsum
298 1124 417 1186 notum·
430 1124 464 1183 22
480 1118 651 1184 familiare.
682 1117 736 1183 Sic
751 1117 830 1183 deus
847 1119 904 1184 ille
923 1123 1073 1186 aeternus
1090 1120 1177 1186 hunc
1192 1139 1218 1180 10

168 1208 310 1295 perfecte
333 1209 465 1273 beatum
488 1207 583 1272 deum
605 1206 796 1291 procreavit.
837 1204 899 1271 Sed
922 1207 1066 1274 animum
1089 1208 1177 1274 haud

167 1298 224 1381 ita,
248 1301 285 1360 ut
307 1296 403 1361 modo
427 1295 528 1362 locuti
550 1315 675 1377 sumus,
696 1298 768 1359 tum
791 1294 940 1379 denique,
963 1317 1036 1360 cum
1059 1317 1177 1382 eorpus

168 1386 199 1450 ci
222 1384 390 1468 effecisset,
411 1383 590 1467 inchoavit,
618 1403 722 1466 neque
749 1382 835 1446 euim
863 1387 951 1448 22222
970 1388 1096 1449 rectum
1118 1385 1177 1448 mi·

168 1473 241 1539 nori
263 1493 377 1557 parere
400 1472 570 1554 maiorem,
592 1470 649 1535 sed
670 1490 730 1534 nos
753 1471 858 1534 multa
879 1470 1116 1537 inconsiderate
1139 1493 1176 1537 ac

131 1562 148 1624 7
169 1566 290 1625 temere
313 1557 457 1625 diunius.
497 1558 585 1623 Deus
609 1561 717 1622 autem
740 1561 774 1622 et
797 1563 871 1622 ortu
893 1563 928 1622 et
949 1559 1071 1624 virtute
1094 1561 1176 1625 anti
1192 1577 1217 1619 1⁶

169 1649 316 1732 quierem
344 1646 457 1732 genuit
483 1646 628 1710 animum
655 1665 792 1728 eumque
819 1650 857 1710 ut
884 1646 1050 1712 dominum
1077 1651 1176 1731 atque

168 1733 906 1888 trttttttttperdetur
927 1733 1178 1889 22122ῖέἘὲ
1275 1817 1276 1870 u

169 1915 220 1976 222
242 1845 276 1975 ei
299 1932 381 1995 quae
404 1931 531 1995 semper
551 1909 648 1974 unius
670 1908 759 1974 modi
782 1871 896 1992 suiqud
911 1844 1049 1994 (22222122,
1077 1915 1110 1977 22
1136 1933 1176 1975 ex
1276 1962 1277 2004 ,

169 2021 220 2083 22,
243 2020 325 2083 quae
347 1997 384 2063 iu¹
404 1997 593 2083 corporibus
617 1997 747 2062 dividua
769 1997 929 2082 gignitur,
951 1999 1086 2064 tertium
1108 2021 1175 2064 nra·
1189 2017 1216 2058 22
1276 2013 1277 2066 3

169 2087 270 2152 teriee
294 2087 396 2172 genus
419 2107 458 2150 ex
485 2085 609 2150 duobus
636 2085 672 2148 in
699 2084 841 2150 medium
873 2085 1057 2170 admiscuit,
1089 2087 1177 2170 quod

169 2178 256 2238 22222
278 2172 421 2238 eiusdem
448 2177 583 2236 naturae
610 2175 644 2236 et
671 2172 757 2256 quod
780 2173 928 2256 alterius,
954 2171 1052 2256 idque
1077 2175 1176 2239 iuter·

168 2261 245 2326 iecit
266 2261 353 2324 iuter
375 2259 574 2324 individuum
598 2263 695 2343 atque
717 2260 764 2343 id,
791 2261 878 2344 quod
901 2259 1066 2326 dividuum
1088 2265 1175 2326 22222

117 2365 150 2412 22
171 2349 206 2413 in
228 2368 370 2432 corpore.
397 2346 447 2412 Ea
470 2369 543 2412 cum
565 2347 631 2412 tria
648 2347 849 2432 sumpsisset,
866 2349 901 2412 in
918 2347 1017 2413 unam
1036 2351 1176 2434 speciem

169 2434 365 2521 temperavit
386 2438 600 2519 naturamque
622 2435 728 2519 illam,
751 2457 849 2519 quam
872 2437 1006 2502 alterius
1027 2437 1176 2521 diximus,
1190 2454 1216 2495 ²⁵

169 2523 202 2588 vi
224 2544 299 2589 eum
320 2521 433 2588 eadem
455 2523 621 2588 coniunxit
646 2522 828 2610 fugientem
850 2529 883 2589 22
906 2525 975 2590 eius
998 2525 1176 2611 copulatio-

168 2610 220 2675 nis
248 2611 400 2694 alienam3
432 2632 514 2695 quae
545 2611 740 2695 permiscens
768 2633 842 2678 cum
868 2613 1006 2678 22222222
1036 2633 1109 2678 cum
1137 2633 1176 2677 ex

169 2699 274 2764 tribus
298 2699 459 2764 effecisset
478 2720 592 2781 unum,
618 2699 652 2762 id
674 2699 782 2784 ipsum
808 2701 844 2764 in
866 2720 918 2784 es,
948 2721 1030 2785 quae
1061 2700 1176 2784 decuit,

169 2788 315 2853 membra
337 2788 480 2872 partitus
502 2791 561 2852 222.
605 2785 676 2851 Iam
698 2787 803 2871 partis
827 2788 974 2874 singulas
997 2811 1036 2853 ex
1063 2789 1177 2853 eodem

170 2878 203 2939 et
226 2897 265 2939 ex
288 2876 392 2940 altero
422 2878 456 2939 et
485 2896 524 2940 ex
550 2875 688 2939 materia
714 2876 918 2960 temperavit.
962 2875 1039 2942 ruit
1066 2881 1175 2941 autem
1190 2894 1216 2934 ec

168 2961 247 3028 talis
269 2963 329 3027 illa
350 2963 499 3053 partitio:
525 2983 624 3027 unam
646 2963 806 3048 principio
829 2969 956 3048 partem
977 2964 1120 3029 detraxit
1138 2985 1177 3028 ex

169 3053 254 3134 tote,
278 3050 450 3116 secundam
474 3053 582 3114 autem
605 3050 730 3133 primae
757 3052 861 3136 partis
889 3052 1035 3136 duplam,
1063 3050 1177 3120 deiude

170 3138 311 3221 tertiam,
326 3159 408 3222 quae
422 3142 509 3202 22222
524 3137 680 3203 secundae
695 3139 917 3224 sesquialtera,
928 3139 1053 3224 primae
1065 3140 1177 3224 tripla,

169 3224 283 3291 deiude
306 3229 471 3309 quartam,
495 3245 576 3309 quae
600 3225 757 3292 secundae
781 3224 880 3312 dupla
902 3230 1003 3311 esset,
1029 3228 1177 3312 quintam

169 3312 252 3394 inde,
275 3334 356 3396 quae
374 3313 491 3378 tertiae
510 3314 620 3397 tripla,
638 3317 709 3378 tum
723 3318 849 3379 sextam
863 3316 1029 3399 octuplam
1042 3315 1177 3399 primae,
1191 3332 1216 3373 ³⁵

169 3402 335 3482 postremo
359 3400 544 3484 septimum,
572 3421 654 3483 quae
682 3405 807 3486 septem
830 3407 863 3466 22
884 3403 1005 3488 viginti
1026 3403 1176 3488 partibus

17 3569 18 3584 ,
117 3500 150 3550 23
170 3486 373 3551 antecederet
401 3487 534 3570 primae.
579 3487 703 3552 Deinde
727 3489 872 3556 instituit
894 3489 994 3576 dupla
1014 3493 1049 3555 et
1074 3490 1177 3575 tripla
