2504 3950
282 199 349 257 ΠΒ.
368 200 416 255 111.
453 200 530 256 cnr.
549 206 664 258 eo-ea
701 207 884 268 §roe-114.
1010 201 1072 267 127
1204 201 1205 204 ’

86 358 208 426 Romam
230 365 263 426 et
289 383 362 427 oum
387 362 493 448 primo
515 362 580 428 luoi
602 361 762 448 Pomponi
788 363 920 429 domum
946 363 1073 430 v‘euisse

85 446 194 514 dieitur.
239 446 298 514 cui
320 463 396 516 eum·
416 455 503 516 esset
528 451 728 536 nuntiatum,
756 451 812 534 qui
833 451 929 517 illum
951 451 1072 518 iratum

85 534 244 602 allaturum
271 536 312 602 ad
339 559 374 602 se
403 536 526 622 aliquid
553 543 667 604 eontra
693 541 821 623 patrem
848 540 1072 625 arbitraretur,

83 624 207 688 surrexit
239 645 256 690 e
288 625 408 691 lectulo
442 625 639 710 remotisque
672 626 805 692 arbitris
836 625 876 691 ad
904 648 938 692 se
966 629 1073 693 adule-

64 716 209 778 reanum
232 712 328 778 iussit
349 712 468 778 uenire.
498 713 545 778 At
567 714 635 796 ille,
662 718 699 779 ut
722 714 888 800 ingressus
910 718 974 799 est,
1001 737 1072 780 eon-

82 797 176 864 lestim
199 799 344 886 gladium
367 800 539 866 destrinxit
565 801 748 886 iuravitque
776 823 810 866 se
837 802 931 866 illum
959 803 1072 867 statim

82 886 325 972 interfecturum,
351 888 416 954 uisi
444 889 495 953 ius
516 889 689 955 iurandum
712 889 775 955 sibi
798 887 939 956 dedisset
962 912 996 954 se
1018 913 1073 975 pa-

83 977 151 1038 trem
172 976 309 1040 missum
331 997 402 1042 esse
423 975 594 1042 laetarum.
638 976 764 1043 Iuravit
786 977 848 1044 hoo
875 981 999 1043 terrore
1022 999 1072 1043 oo-

83 1066 158 1128 aotus
174 1061 387 1148 Pomponium
409 1085 478 1130 rem
496 1064 538 1130 ad
555 1066 711 1150 populum
733 1065 860 1150 detulit,
879 1065 996 1150 docuit,
1015 1087 1072 1132 our

57 1165 74 1202 1⁰
83 1149 133 1213 sibi
153 1172 250 1217 eausa
277 1150 432 1218 desistere
458 1173 590 1218 neeesse
617 1157 716 1236 esset,
747 1151 906 1218 Manlium
936 1154 1072 1219 missum

82 1235 153 1302 feeit
186 1239 329 1305 Tantum
351 1240 552 1325 temporibus
576 1239 643 1305 illis
666 1241 716 1306 ius
739 1239 909 1306 iurandum
931 1242 1071 1307 valebat.

83 1323 174 1409 Atque
199 1327 255 1394 hia
277 1326 313 1392 Τ.
335 1325 476 1394 Manlius
503 1329 531 1394 is
560 1332 622 1412 est,
652 1328 708 1412 qui
726 1326 767 1392 ad
789 1327 948 1393 Anienem
975 1327 1073 1413 Galli,

84 1433 161 1496 quen
183 1415 225 1481 ab
247 1435 286 1482 eo
308 1419 504 1500 provocatus
523 1415 692 1499 ooeideret,
714 1419 830 1500 torque
854 1415 999 1482 detraoto
1022 1437 1073 1481 eo·

84 1521 205 1584 gnomen
213 1503 349 1588 invenit,
363 1504 453 1569 euius
462 1504 560 1569 tertio
569 1505 741 1569 consulatu
750 1502 859 1568 Latini
874 1500 1072 1568 adVeserim

57 1587 134 1653 ¹⁵lusi
153 1595 184 1656 et
204 1591 324 1678 fugati,
347 1613 483 1677 magnus
507 1592 557 1657 vir
578 1592 614 1656 in
635 1591 749 1677 primis
773 1595 815 1677 et,
836 1591 892 1676 qui
910 1590 1071 1677 perindul-

84 1696 148 1759 gens
168 1680 201 1744 in
223 1683 362 1765 patrem,
383 1679 469 1745 idem
492 1680 605 1745 acerbe
628 1700 757 1746 severus
779 1680 815 1744 in
836 1679 948 1745 filium.

86 1851 91 1862 Ι
135 1763 205 1852 Sed,
237 1771 278 1833 ut
304 1766 484 1834 laudandus
506 1767 652 1853 Regulus
679 1767 715 1832 in
742 1767 961 1834 conservando
989 1767 1059 1832 iure
1074 1745 1123 1872 ΕΞ

84 1855 208 1940 rorando,
231 1855 282 1921 sie
299 1855 409 1920 decem
426 1855 486 1938 illi,
509 1876 590 1939 quos
608 1859 685 1940 post
702 1852 904 1920 Cannensem
927 1874 1071 1940 pugnam

84 1937 188 2007 iuratos
211 1943 254 2008 ad
282 1946 430 2009 senatum
453 1943 544 2008 misit
565 1941 732 2008 Hannibal
756 1961 790 2007 se
812 1942 848 2006 in
869 1945 978 2006 eastra
1004 1941 1072 2007 red·

59 2025 169 2096 ¹⁰ituros
187 2027 234 2117 ea,
248 2051 387 2116 quorum
401 2034 495 2096 erant
506 2030 604 2115 potiti
617 2028 727 2113 Poeni,
742 2029 806 2094 nisi
826 2030 864 2095 de
878 2028 1072 2094 redimendis

85 2118 202 2200 captivis
224 2119 499 2203 impetravissent,
522 2118 639 2184 sinon
661 2117 834 2202 redierunt,
857 2116 1072 2203 vituperandi.

85 2198 123 2268 lle
140 2207 252 2290 quibus
267 2228 333 2272 non
350 2227 461 2272 omnes
479 2227 544 2272 uno
563 2205 673 2289 modo;
694 2226 771 2272 narn
784 2204 950 2290 Polybius,
968 2206 1072 2271 bonus

87 2296 179 2359 auctor
197 2295 232 2361 in
251 2295 376 2380 primis,
399 2317 438 2360 ex
455 2293 566 2362 decem
583 2293 805 2378 nobilissimis,
826 2294 964 2377 quitum
979 2297 1073 2358 erant

86 2379 168 2466 nissi,
184 2403 303 2449 novem
316 2382 489 2448 revertisse
504 2381 582 2449 dicit
594 2403 629 2448 re
644 2403 664 2447 a
677 2386 792 2448 senatu
804 2402 872 2447 non
883 2380 1073 2467 impetrata,

61 2475 167 2534 turum
183 2492 222 2536 ex
241 2471 360 2555 deoem,
383 2470 440 2555 qui
457 2471 555 2555 paulo
573 2473 658 2555 post,
680 2492 779 2555 quam
797 2473 868 2536 erat
887 2490 1035 2556 egressus
1055 2490 1072 2533 e

87 2556 196 2643 castris,
229 2557 380 2643 redisset,
408 2558 502 2642 quasi
530 2558 651 2642 aliquid
674 2562 760 2624 esset
783 2557 918 2642 oblitus,
949 2556 1072 2622 Romae

87 2647 274 2731 remansisse3
305 2646 412 2713 reditu
438 2645 524 2711 enim
550 2645 585 2710 in
611 2648 719 2711 eastra
742 2645 915 2710 liberatum
940 2666 974 2709 se
1002 2665 1072 2709 esse

88 2724 141 2796 iuro
163 2734 298 2800 iurando
324 2735 615 2819 interpretabatur,
647 2754 712 2798 non
738 2734 838 2816 reete,
868 2730 958 2796 fraus
987 2730 1072 2795 enirn

88 2819 235 2907 alaugii,
257 2841 322 2891 non
346 2820 497 2888 dissolvit
517 2820 701 2907 periurium.
746 2817 822 2884 Fuit
844 2818 947 2905 igitur
970 2817 1072 2884 stulta

63 2903 229 2976 salletas
247 2931 397 2996 perverse
415 2909 546 2975 imitata
563 2907 777 2995 prudentiam.
801 2906 917 2990 Itaque
931 2905 1073 2971 deerevit

89 2998 213 3081 senatus,
239 3001 277 3062 ut
298 2998 355 3063 ille
377 3001 542 3063 veterator
565 3000 598 3062 et
620 2994 756 3062 callidus
778 2994 907 3060 vinetus
926 2994 967 3060 ad
983 2993 1072 3059 Han·

88 3078 209 3149 nibalem
231 3086 408 3152 duceretur.
440 3082 503 3150 Sed
525 3084 607 3149 illud
630 3104 829 3150 maxumum:
853 3080 934 3147 Ooto
956 3081 1124 3146 homi-114

88 3183 149 3234 num
170 3172 260 3238 milia
281 3174 414 3239 tenebat
436 3171 611 3256 Hannibal,
633 3192 699 3237 non
722 3191 803 3255 quos
825 3169 860 3234 in
883 3168 951 3235 soie
973 3168 1072 3254 repis·

89 3258 137 3339 tet,
160 3264 216 3325 aut
238 3261 293 3345 qui
315 3261 458 3347 periculo
481 3260 597 3326 mortis
625 3259 842 3345 diffugissent,
870 3256 926 3322 sed
948 3256 1003 3341 qui
1026 3278 1073 3322 re-

65 3337 145 3407 tlioti
163 3345 197 3412 in
217 3349 333 3414 eastris
355 3348 495 3414 fuissent
517 3369 537 3412 a
558 3347 661 3413 Paulo
689 3350 722 3412 et
749 3367 769 3410 a
790 3343 939 3410 Varrone
961 3366 1073 3411 oonsu-

90 3425 168 3497 libus.
208 3433 275 3503 Eos
303 3441 434 3502 senatus
456 3457 522 3502 non
549 3435 674 3502 sensuit
696 3432 912 3518 redimendos,
940 3453 1013 3498 eum
1040 3432 1073 3495 id

90 3533 174 3596 larva
194 3525 328 3608 pecunia
349 3525 419 3590 fieri
440 3528 565 3609 posset,
587 3527 625 3590 ut
647 3525 733 3588 esset
756 3521 889 3588 insitum
913 3519 1072 3586 militibus
