2578 3950
135 186 197 252 198
539 183 739 239 PARADOXA

132 371 171 414 ex
189 347 398 433 philosophia
415 349 556 412 tractare
571 346 784 411 abhorrentes
804 346 845 410 ab
863 345 926 412 hoo
944 368 1007 412 usu
1021 347 1145 413 forensi

132 441 166 502 et
188 436 328 520 publico,
351 435 408 499 sed
430 435 562 499 dicendo
587 435 740 518 consequi
762 439 882 517 tamen,
905 439 942 499 ut
965 435 1023 500 illa
1043 437 1145 502 etiam

97 526 253 609 apopulo
276 523 461 608 probabilia
483 522 677 588 viderentur.
720 522 813 599 Quod
836 545 873 588 eo
899 523 1002 588 maius
1023 528 1073 589 est
1093 525 1145 589 illi

133 634 231 696 quam
254 615 311 677 aut
334 612 396 678 tibi
417 615 474 676 aut
491 611 595 694 nobis,
615 611 690 694 quia
708 633 767 676 nos
788 633 826 676 ea
843 610 1053 697 philosophia
1068 614 1145 697 plus

132 701 263 782 utimur,
286 721 368 784 quae
391 699 517 784 peperit
540 699 665 763 dicendi
687 700 824 784 copiam,
847 704 881 764 et
898 700 933 764 in
951 722 1015 784 qua
1035 701 1143 767 dicun-
1174 721 1187 762 s

132 792 188 854 tur
211 810 261 872 ea,
285 810 367 872 quae
390 808 456 852 non
479 787 618 852 multum
641 787 823 872 discrepent
846 789 888 852 ab
912 788 1064 873 opinione
1088 813 1144 875 po·

132 878 250 962 pulari,
273 874 354 941 Cato
379 879 501 958 autem,
532 875 695 960 perfectus
717 897 790 940 mea
814 876 977 942 sententia
1004 876 1142 960 Stoicus,

133 970 166 1030 et
189 987 228 1029 ea
251 965 363 1046 sentit,
391 985 472 1047 quae
501 985 567 1028 non
590 985 667 1028 sane
690 966 871 1048 probantur
892 965 927 1029 in
950 967 1067 1052 volgus
1074 1017 1082 1050 ,
1111 972 1145 1032 et

132 1054 168 1117 in
190 1074 229 1117 ea
251 1056 301 1116 est
320 1052 459 1133 haeresi,
482 1073 565 1135 quae
582 1052 709 1116 nullum
728 1053 874 1136 sequitur
892 1053 1006 1118 florem
1027 1056 1145 1119 oratio-

132 1141 184 1205 nis
207 1162 310 1225 neque
334 1139 451 1204 dilatat
474 1144 711 1225 argumentum,
734 1141 869 1205 minutis
893 1142 1144 1228 interrogatiun·
1162 1163 1188 1201 ιο

99 1229 215 1296 eculis
240 1229 333 1312 quasi
356 1227 494 1313 punctiS,
519 1227 604 1312 quod
626 1229 805 1313 proposuit,
829 1230 937 1294 efficit.
975 1229 1039 1297 Sed
1061 1231 1145 1296 nihil

133 1321 184 1382 est
206 1322 277 1382 tam
298 1316 500 1400 incredibile,
528 1317 615 1400 qnod
636 1339 703 1382 non
725 1317 859 1383 dicendo
882 1319 941 1383 fiat
963 1320 1145 1404 probabile,

132 1404 215 1470 nihil
238 1409 307 1470 tam
334 1404 516 1485 horridum,
548 1409 617 1470 tam
639 1405 812 1489 incultum,
841 1407 927 1490 quod
949 1429 1016 1473 non
1038 1409 1145 1492 splen-

134 1494 244 1558 descat
267 1494 413 1558 oratione
437 1497 469 1557 et
492 1497 661 1576 tamquam
684 1495 858 1559 excolatur.
895 1493 988 1570 Quod
1006 1497 1146 1562 onm‘ita

133 1587 296 1667 putagem,
317 1581 380 1646 feci
403 1581 503 1645 etiam
527 1581 679 1646 audacius
704 1604 802 1666 quam
824 1583 881 1646 ille
904 1584 986 1668 ipse,
1015 1585 1053 1649 de
1078 1603 1185 1668 qu01⁵

133 1671 259 1754 loquor.
304 1667 387 1734 Cato
410 1669 496 1733 enim
520 1669 689 1734 dumtaxat
717 1670 755 1735 de
783 1671 1006 1756 magnitudine
1035 1673 1145 1756 animi,

134 1757 173 1821 de
196 1757 408 1840 continentia,
431 1756 470 1821 de
484 1761 613 1840 morte,
641 1759 679 1822 de
703 1759 791 1823 omni
815 1759 909 1824 laude
933 1760 1078 1844 virtutis,
1107 1761 1145 1825 de

134 1845 182 1910 dis
206 1845 445 1929 inmortalibus,
468 1845 507 1909 de
530 1845 667 1911 caritate
690 1847 817 1932 patriae
840 1845 947 1913 Stoice
971 1849 1056 1913 solet
1075 1871 1145 1914 ora·

133 1934 227 2000 toriis
251 1933 450 1999 ornamentis
474 1934 630 1999 adhibitis
654 1935 772 2018 dicere,
800 1957 861 2021 ego
888 1937 950 2001 tibi
977 1937 1036 2002 illa
1063 1938 1144 2023 ipsa,

134 2045 216 2106 quae
239 2023 294 2087 vix
317 2023 351 2086 in
373 2023 552 2108 gymnasiis
575 2027 609 2087 et
635 2023 671 2087 in
697 2025 764 2089 otio
788 2021 890 2089 Stoici
911 2025 1067 2110 probant,
1099 2027 1146 2090 lu·
1161 2043 1188 2083 2⁰

98 2111 212 2174 edens
245 2111 366 2176 conieci
402 2112 438 2174 in
470 2131 655 2175 communes
688 2111 785 2176 locos
835 2111 924 2188 Quae
961 2114 1036 2197 quia
1069 2118 1145 2178 sunt

135 2197 341 2262 admirabilia
374 2201 551 2282 contraque
584 2199 770 2282 opinionem
803 2201 947 2265 omnium
981 2202 1035 2282 [ab
1064 2202 1144 2287 ipsis

135 2286 233 2350 etiam
251 2283 423 2365 παράδοξα
442 2286 671 2371 appellantur],
690 2291 851 2372 temptare
866 2290 956 2354 volui
969 2295 1145 2374 possentne

135 2372 274 2459 proferri
297 2373 331 2435 in
354 2374 459 2438 lucem
492 2374 611 2454 [idest
638 2375 672 2439 in
699 2376 834 2460 forum],
863 2382 896 2441 et
923 2378 971 2442 ita
999 2378 1075 2461 dici,
1107 2383 1145 2444 ut

134 2463 362 2546 probarentur,
391 2483 433 2525 an
455 2462 521 2526 alia
548 2463 707 2546 quaedam
730 2469 816 2529 esset
839 2465 978 2548 erudita,
1002 2467 1067 2531 alia
1090 2489 1145 2551 po
1160 2483 1187 2524 2⁵

134 2550 258 2633 pularis
282 2549 397 2632 oratio,
421 2571 522 2633 eoque
545 2550 605 2616 hos
625 2553 713 2616 locos
742 2553 857 2637 scripsi
876 2555 1039 2637 libentius,
1059 2555 1146 2639 quod

134 2637 215 2701 mihi
237 2637 303 2702 ista
324 2634 497 2722 παράδοξα
520 2661 603 2723 quae
631 2641 800 2724 appellant
827 2642 967 2707 maxime
994 2642 1145 2707 videntur

99 2742 115 2790 5
134 2747 204 2791 esse
219 2723 384 2792 Socratica
407 2727 567 2812 longeque
585 2728 763 2793 verissima.
796 2728 945 2815 Accipies
964 2731 1065 2817 igitur
1082 2731 1152 2796 hoa

133 2837 272 2898 parvum
282 2815 474 2898 opusculum
490 2815 698 2880 lucubratum
716 2815 767 2880 his
786 2817 852 2882 iam
872 2819 1143 2884 contractioribus

133 2902 293 2986 noctibus,
316 2903 469 2986 quoniam
487 2903 570 2967 illud
588 2904 748 2969 maiorum
766 2906 955 2990 vigiliarum
973 2929 1090 2972 munus
1110 2908 1145 2972 in
1159 2923 1187 2967 ao

134 2995 190 3055 tuo
218 2990 348 3055 nomine
380 2991 546 3076 apparuit,
578 2995 611 3055 et
639 2992 830 3077 degustabis
863 3015 965 3080 genus
994 2995 1146 3061 exercita-

134 3078 261 3144 tionum
285 3099 405 3161 earum,
429 3079 545 3163 quibus
569 3080 618 3144 uti
641 3081 802 3164 consuevi,
825 3104 898 3148 oum
922 3104 970 3167 ea,
993 3105 1075 3168 quae
1101 3084 1146 3148 di·

134 3171 251 3231 cuntur
273 3167 308 3231 in
331 3166 451 3231 scholis
469 3169 622 3251 θετικῶς,
645 3168 686 3232 ad
708 3174 857 3235 nostrum
880 3170 943 3236 hoc
966 3172 1147 3237 oratorium

134 3254 296 3318 transfero
312 3253 437 3320 dicendi
457 3276 568 3342 genus.
599 3255 671 3321 Hoc
693 3261 805 3321 tamen
827 3280 908 3344 opus
927 3260 963 3324 in
977 3264 1146 3346 acceptum

134 3345 171 3404 ut
194 3341 324 3423 referas,
347 3342 429 3406 nihil
449 3345 596 3427 postulo;
619 3366 686 3409 non
704 3345 789 3410 enim
805 3350 855 3411 est
869 3348 945 3430 tale,
968 3349 1053 3413 utin
1073 3370 1146 3414 arce
1160 3364 1187 3406 ³⁵

134 3429 212 3512 poni
234 3430 340 3511 possit
364 3431 457 3513 quasi
478 3431 539 3496 illa
553 3431 699 3498 Minerva
721 3431 869 3520 Phidiae,
898 3435 953 3500 sed
976 3441 1088 3501 tamen
1108 3441 1147 3501 ut

134 3537 173 3579 ex
197 3514 309 3581 eadem
333 3515 463 3583 officina
486 3519 589 3584 exisse
615 3526 780 3607 appareat.

561 3644 721 3654 ...αι-.-
