<?xml version="1.0" encoding="UTF-8"?>
<!DOCTYPE html PUBLIC "-//W3C//DTD XHTML 1.0 Transitional//EN"
    "http://www.w3.org/TR/xhtml1/DTD/xhtml1-transitional.dtd">
<html xmlns="http://www.w3.org/1999/xhtml" xml:lang="en" lang="en">
 <head>
  <title>
</title>
<meta http-equiv="Content-Type" content="text/html;charset=utf-8" />
  <meta name='ocr-system' content='tesseract 3.04.00' />
  <meta name='ocr-capabilities' content='ocr_page ocr_carea ocr_par ocr_line ocrx_word'/>
</head>
<body>
  <div class='ocr_page' id='page_1' title='image "./mtulliiciceroni04mlgoog_0437.png"; bbox 0 0 2542 3950; ppageno 0'>
   <div class='ocr_carea' id='block_1_1' title="bbox 160 171 775 242">
    <p class='ocr_par' dir='ltr' id='par_1_1' title="bbox 160 171 775 242">
     <span class='ocr_line' id='line_1_1' title="bbox 160 171 775 242; baseline -0.026 -1"><span class='ocrx_word' id='word_1_1' title='bbox 160 175 226 242; x_wconf 80' lang='grc'><strong>314</strong></span> <span class='ocrx_word' id='word_1_2' title='bbox 547 171 775 228; x_wconf 70' lang='lat' dir='ltr'><strong>sueonum</strong></span> 
     </span>
    </p>
   </div>
   <div class='ocr_carea' id='block_1_2' title="bbox 85 333 1181 773">
    <p class='ocr_par' dir='ltr' id='par_1_2' title="bbox 85 333 1181 773">
     <span class='ocr_line' id='line_1_2' title="bbox 203 333 1120 421; baseline -0.005 -19"><span class='ocrx_word' id='word_1_3' title='bbox 203 334 294 402; x_wconf 84' lang='lat' dir='ltr'><strong>Heec</strong></span> <span class='ocrx_word' id='word_1_4' title='bbox 316 338 406 418; x_wconf 83' lang='lat' dir='ltr'><strong>sont,</strong></span> <span class='ocrx_word' id='word_1_5' title='bbox 428 355 512 419; x_wconf 81' lang='lat' dir='ltr'><strong>quse</strong></span> <span class='ocrx_word' id='word_1_6' title='bbox 533 333 642 400; x_wconf 79' lang='lat' dir='ltr'><strong>visens</strong></span> <span class='ocrx_word' id='word_1_7' title='bbox 663 337 823 398; x_wconf 89' lang='lat' dir='ltr'><strong>nocturno</strong></span> <span class='ocrx_word' id='word_1_8' title='bbox 845 335 999 418; x_wconf 85' lang='lat' dir='ltr'><strong>tempore</strong></span> <span class='ocrx_word' id='word_1_9' title='bbox 1021 333 1120 421; x_wconf 66' lang='grc' dir='ltr'><strong>εἰμι</strong></span> 
     </span>
     <span class='ocr_line' id='line_1_3' title="bbox 160 421 1038 508; baseline -0.006 -18"><span class='ocrx_word' id='word_1_10' title='bbox 160 425 401 508; x_wconf 87' lang='lat' dir='ltr'><strong>Aeternumque</strong></span> <span class='ocrx_word' id='word_1_11' title='bbox 422 423 536 488; x_wconf 83' lang='lat' dir='ltr'><strong>volens</strong></span> <span class='ocrx_word' id='word_1_12' title='bbox 558 421 671 488; x_wconf 85' lang='lat' dir='ltr'><strong>muudi</strong></span> <span class='ocrx_word' id='word_1_13' title='bbox 691 441 885 506; x_wconf 84' lang='lat' dir='ltr'><strong>pernoscere</strong></span> <span class='ocrx_word' id='word_1_14' title='bbox 905 425 1038 486; x_wconf 80' lang='lat' dir='ltr'><strong>motuni</strong></span> 
     </span>
     <span class='ocr_line' id='line_1_4' title="bbox 85 509 935 599; baseline -0.009 -19"><span class='ocrx_word' id='word_1_15' title='bbox 85 511 323 599; x_wconf 71' lang='lat' dir='ltr'><strong>sssbeguimo</strong></span> <span class='ocrx_word' id='word_1_16' title='bbox 346 531 458 578; x_wconf 87' lang='lat' dir='ltr'><strong>cernes</strong></span> <span class='ocrx_word' id='word_1_17' title='bbox 480 510 607 576; x_wconf 85' lang='lat' dir='ltr'><strong>ceolum</strong></span> <span class='ocrx_word' id='word_1_18' title='bbox 629 509 806 574; x_wconf 70' lang='lat' dir='ltr'><strong>lustrantia</strong></span> <span class='ocrx_word' id='word_1_19' title='bbox 827 530 935 574; x_wconf 86' lang='lat' dir='ltr'><strong>cursu</strong></span> 
     </span>
     <span class='ocr_line' id='line_1_5' title="bbox 159 597 1181 686; baseline -0.004 -18"><span class='ocrx_word' id='word_1_20' title='bbox 159 601 246 668; x_wconf 88' lang='lat' dir='ltr'><strong>Nem</strong></span> <span class='ocrx_word' id='word_1_21' title='bbox 269 621 351 686; x_wconf 83' lang='lat' dir='ltr'><strong>quse</strong></span> <span class='ocrx_word' id='word_1_22' title='bbox 372 599 505 684; x_wconf 87' lang='lat' dir='ltr'><strong>perbis</strong></span> <span class='ocrx_word' id='word_1_23' title='bbox 528 619 585 664; x_wconf 86' lang='lat' dir='ltr'><strong>sex</strong></span> <span class='ocrx_word' id='word_1_24' title='bbox 606 597 775 684; x_wconf 88' lang='lat' dir='ltr'><strong>signorum</strong></span> <span class='ocrx_word' id='word_1_25' title='bbox 797 597 904 662; x_wconf 78' lang='lat' dir='ltr'><strong>labier</strong></span> <span class='ocrx_word' id='word_1_26' title='bbox 926 598 1044 664; x_wconf 88' lang='lat' dir='ltr'><strong>orbem</strong></span> <span class='ocrx_word' id='word_1_27' title='bbox 1124 614 1181 664; x_wconf 79' lang='grc'><strong>475</strong></span> 
     </span>
     <span class='ocr_line' id='line_1_6' title="bbox 160 685 1000 773; baseline -0.006 -18"><span class='ocrx_word' id='word_1_28' title='bbox 160 688 309 773; x_wconf 78' lang='lat' dir='ltr'><strong>Quinque</strong></span> <span class='ocrx_word' id='word_1_29' title='bbox 331 687 440 754; x_wconf 87' lang='lat' dir='ltr'><strong>solent</strong></span> <span class='ocrx_word' id='word_1_30' title='bbox 461 687 592 771; x_wconf 82' lang='lat' dir='ltr'><strong>stellae,</strong></span> <span class='ocrx_word' id='word_1_31' title='bbox 614 686 715 752; x_wconf 77' lang='lat' dir='ltr'>simili</span> <span class='ocrx_word' id='word_1_32' title='bbox 735 685 864 752; x_wconf 75' lang='lat' dir='ltr'><strong>ratione</strong></span> <span class='ocrx_word' id='word_1_33' title='bbox 885 687 1000 750; x_wconf 81' lang='lat' dir='ltr'><strong>notari</strong></span> 
     </span>
    </p>
   </div>
   <div class='ocr_carea' id='block_1_3' title="bbox 159 772 1076 862">
    <p class='ocr_par' dir='ltr' id='par_1_3' title="bbox 159 772 1076 862">
     <span class='ocr_line' id='line_1_7' title="bbox 159 772 1076 862; baseline -0.003 -19"><span class='ocrx_word' id='word_1_34' title='bbox 159 776 237 844; x_wconf 85' lang='lat' dir='ltr'><strong>Non</strong></span> <span class='ocrx_word' id='word_1_35' title='bbox 258 779 409 862; x_wconf 86' lang='lat' dir='ltr'><strong>possunt,</strong></span> <span class='ocrx_word' id='word_1_36' title='bbox 432 775 523 859; x_wconf 83' lang='lat' dir='ltr'><strong>quie,</strong></span> <span class='ocrx_word' id='word_1_37' title='bbox 545 797 628 860; x_wconf 81' lang='lat' dir='ltr'><strong>quse</strong></span> <span class='ocrx_word' id='word_1_38' title='bbox 649 775 776 840; x_wconf 81' lang='lat' dir='ltr'><strong>fuciunt</strong></span> <span class='ocrx_word' id='word_1_39' title='bbox 796 772 940 857; x_wconf 73' lang='lat' dir='ltr'><strong>vestigia</strong></span> <span class='ocrx_word' id='word_1_40' title='bbox 961 795 1076 860; x_wconf 84' lang='lat' dir='ltr'><strong>cursu,</strong></span> 
     </span>
    </p>
   </div>
   <div class='ocr_carea' id='block_1_4' title="bbox 88 862 1255 3582">
    <p class='ocr_par' dir='ltr' id='par_1_4' title="bbox 160 862 1002 948">
     <span class='ocr_line' id='line_1_8' title="bbox 160 862 1002 948; baseline -0.006 -16"><span class='ocrx_word' id='word_1_41' title='bbox 160 864 237 932; x_wconf 89' lang='lat' dir='ltr'><strong>Non</strong></span> <span class='ocrx_word' id='word_1_42' title='bbox 259 864 372 930; x_wconf 89' lang='lat' dir='ltr'><strong>eodem</strong></span> <span class='ocrx_word' id='word_1_43' title='bbox 394 885 522 948; x_wconf 87' lang='lat' dir='ltr'><strong>semper</strong></span> <span class='ocrx_word' id='word_1_44' title='bbox 544 863 653 948; x_wconf 76' lang='lat' dir='ltr'><strong>spatio</strong></span> <span class='ocrx_word' id='word_1_45' title='bbox 674 862 817 948; x_wconf 73' lang='lat' dir='ltr'><strong>protrito</strong></span> <span class='ocrx_word' id='word_1_46' title='bbox 838 865 1002 927; x_wconf 86' lang='lat' dir='ltr'><strong>teruntur.</strong></span> 
     </span>
    </p>

    <p class='ocr_par' dir='ltr' id='par_1_5' title="bbox 88 950 1178 1214">
     <span class='ocr_line' id='line_1_9' title="bbox 88 950 944 1036; baseline -0.007 -16"><span class='ocrx_word' id='word_1_47' title='bbox 88 960 152 1021; x_wconf 81' lang='lat'><strong>230</strong></span> <span class='ocrx_word' id='word_1_48' title='bbox 162 950 215 1018; x_wconf 80' lang='lat' dir='ltr'><strong>Sic</strong></span> <span class='ocrx_word' id='word_1_49' title='bbox 236 951 364 1018; x_wconf 87' lang='lat' dir='ltr'><strong>mulunt</strong></span> <span class='ocrx_word' id='word_1_50' title='bbox 387 972 495 1016; x_wconf 87' lang='lat' dir='ltr'><strong>errure</strong></span> <span class='ocrx_word' id='word_1_51' title='bbox 517 971 621 1036; x_wconf 80' lang='lat' dir='ltr'><strong>regne</strong></span> <span class='ocrx_word' id='word_1_52' title='bbox 643 971 703 1035; x_wconf 92' lang='lat' dir='ltr'><strong>per</strong></span> <span class='ocrx_word' id='word_1_53' title='bbox 723 950 838 1016; x_wconf 86' lang='lat' dir='ltr'><strong>nubile</strong></span> <span class='ocrx_word' id='word_1_54' title='bbox 859 951 944 1016; x_wconf 77' lang='lat' dir='ltr'><strong>coeli</strong></span> 
     </span>
     <span class='ocr_line' id='line_1_10' title="bbox 160 1038 1178 1125; baseline -0.002 -18"><span class='ocrx_word' id='word_1_55' title='bbox 160 1040 271 1125; x_wconf 88' lang='lat' dir='ltr'><strong>Atque</strong></span> <span class='ocrx_word' id='word_1_56' title='bbox 293 1061 369 1105; x_wconf 88' lang='lat' dir='ltr'><strong>suos</strong></span> <span class='ocrx_word' id='word_1_57' title='bbox 391 1039 484 1105; x_wconf 75' lang='lat' dir='ltr'><strong>vario</strong></span> <span class='ocrx_word' id='word_1_58' title='bbox 506 1043 599 1105; x_wconf 89' lang='lat' dir='ltr'><strong>motu</strong></span> <span class='ocrx_word' id='word_1_59' title='bbox 621 1039 766 1104; x_wconf 89' lang='lat' dir='ltr'><strong>metirier</strong></span> <span class='ocrx_word' id='word_1_60' title='bbox 788 1038 893 1104; x_wconf 89' lang='lat' dir='ltr'><strong>orbes.</strong></span> <span class='ocrx_word' id='word_1_61' title='bbox 1123 1056 1178 1105; x_wconf 78' lang='lat'><strong>475</strong></span> 
     </span>
     <span class='ocr_line' id='line_1_11' title="bbox 161 1127 1056 1214; baseline 0 -20"><span class='ocrx_word' id='word_1_62' title='bbox 161 1129 232 1194; x_wconf 83' lang='lat' dir='ltr'><strong>Hae</strong></span> <span class='ocrx_word' id='word_1_63' title='bbox 254 1127 380 1194; x_wconf 81' lang='lat' dir='ltr'><strong>fuciunt</strong></span> <span class='ocrx_word' id='word_1_64' title='bbox 400 1148 539 1214; x_wconf 78' lang='lat' dir='ltr'><strong>magnos</strong></span> <span class='ocrx_word' id='word_1_65' title='bbox 561 1127 733 1213; x_wconf 82' lang='lat' dir='ltr'>longinqui</span> <span class='ocrx_word' id='word_1_66' title='bbox 755 1127 913 1212; x_wconf 88' lang='lat' dir='ltr'><strong>temporis</strong></span> <span class='ocrx_word' id='word_1_67' title='bbox 936 1149 1056 1211; x_wconf 85' lang='lat' dir='ltr'><strong>onnus,</strong></span> 
     </span>
    </p>

    <p class='ocr_par' dir='ltr' id='par_1_6' title="bbox 88 1215 1175 1830">
     <span class='ocr_line' id='line_1_12' title="bbox 161 1215 1100 1302; baseline -0.001 -19"><span class='ocrx_word' id='word_1_68' title='bbox 161 1215 244 1283; x_wconf 74' lang='lat' dir='ltr'><strong>(lum</strong></span> <span class='ocrx_word' id='word_1_69' title='bbox 266 1216 403 1282; x_wconf 88' lang='lat' dir='ltr'><strong>redeunt</strong></span> <span class='ocrx_word' id='word_1_70' title='bbox 425 1217 467 1282; x_wconf 83' lang='lat' dir='ltr'><strong>od</strong></span> <span class='ocrx_word' id='word_1_71' title='bbox 488 1216 575 1282; x_wconf 92' lang='lat' dir='ltr'><strong>idem</strong></span> <span class='ocrx_word' id='word_1_72' title='bbox 596 1215 679 1281; x_wconf 83' lang='lat' dir='ltr'><strong>coeli</strong></span> <span class='ocrx_word' id='word_1_73' title='bbox 700 1215 762 1280; x_wconf 89' lang='lat' dir='ltr'><strong>sub</strong></span> <span class='ocrx_word' id='word_1_74' title='bbox 784 1215 929 1300; x_wconf 83' lang='lat' dir='ltr'><strong>tegmine</strong></span> <span class='ocrx_word' id='word_1_75' title='bbox 952 1216 1100 1302; x_wconf 79' lang='lat' dir='ltr'><strong>signum3</strong></span> 
     </span>
     <span class='ocr_line' id='line_1_13' title="bbox 162 1301 1081 1392; baseline 0 -22"><span class='ocrx_word' id='word_1_76' title='bbox 162 1301 306 1381; x_wconf 82' lang='lat' dir='ltr'><strong>Quarum</strong></span> <span class='ocrx_word' id='word_1_77' title='bbox 328 1325 390 1392; x_wconf 89' lang='lat' dir='ltr'><strong>ego</strong></span> <span class='ocrx_word' id='word_1_78' title='bbox 412 1325 498 1372; x_wconf 78' lang='lat' dir='ltr'><strong>numo</strong></span> <span class='ocrx_word' id='word_1_79' title='bbox 518 1325 644 1388; x_wconf 86' lang='lat' dir='ltr'><strong>nequeo</strong></span> <span class='ocrx_word' id='word_1_80' title='bbox 655 1309 764 1371; x_wconf 87' lang='lat' dir='ltr'><strong>tortos</strong></span> <span class='ocrx_word' id='word_1_81' title='bbox 778 1303 928 1368; x_wconf 78' lang='lat' dir='ltr'><strong>evolvere</strong></span> <span class='ocrx_word' id='word_1_82' title='bbox 950 1325 1081 1386; x_wconf 88' lang='lat' dir='ltr'><strong>cursus,</strong></span> 
     </span>
     <span class='ocr_line' id='line_1_14' title="bbox 88 1391 1131 1478; baseline -0.001 -19"><span class='ocrx_word' id='word_1_83' title='bbox 88 1393 285 1463; x_wconf 70' lang='lat' dir='ltr'><strong>saevorum</strong></span> <span class='ocrx_word' id='word_1_84' title='bbox 307 1393 401 1475; x_wconf 80' lang='lat' dir='ltr'><strong>hoec,</strong></span> <span class='ocrx_word' id='word_1_85' title='bbox 424 1413 507 1478; x_wconf 81' lang='lat' dir='ltr'><strong>quoe</strong></span> <span class='ocrx_word' id='word_1_86' title='bbox 530 1413 658 1477; x_wconf 82' lang='lat' dir='ltr'><strong>semper</strong></span> <span class='ocrx_word' id='word_1_87' title='bbox 679 1395 768 1457; x_wconf 88' lang='lat' dir='ltr'><strong>certo</strong></span> <span class='ocrx_word' id='word_1_88' title='bbox 791 1392 968 1456; x_wconf 82' lang='lat' dir='ltr'><strong>volvuntur</strong></span> <span class='ocrx_word' id='word_1_89' title='bbox 990 1391 1027 1458; x_wconf 89' lang='lat' dir='ltr'><strong>iu</strong></span> <span class='ocrx_word' id='word_1_90' title='bbox 1049 1393 1131 1459; x_wconf 86' lang='lat' dir='ltr'><strong>orbe</strong></span> 
     </span>
     <span class='ocr_line' id='line_1_15' title="bbox 161 1479 1175 1567; baseline 0 -19"><span class='ocrx_word' id='word_1_91' title='bbox 161 1479 255 1566; x_wconf 80' lang='lat' dir='ltr'><strong>Fine,</strong></span> <span class='ocrx_word' id='word_1_92' title='bbox 277 1481 377 1548; x_wconf 89' lang='lat' dir='ltr'><strong>simul</strong></span> <span class='ocrx_word' id='word_1_93' title='bbox 398 1501 536 1567; x_wconf 84' lang='lat' dir='ltr'><strong>magnos</strong></span> <span class='ocrx_word' id='word_1_94' title='bbox 559 1480 690 1546; x_wconf 78' lang='lat' dir='ltr'><strong>edemus</strong></span> <span class='ocrx_word' id='word_1_95' title='bbox 712 1479 865 1566; x_wconf 77' lang='lat' dir='ltr'><strong>gentibue</strong></span> <span class='ocrx_word' id='word_1_96' title='bbox 888 1479 994 1544; x_wconf 86' lang='lat' dir='ltr'><strong>orbes.</strong></span> <span class='ocrx_word' id='word_1_97' title='bbox 1122 1497 1175 1548; x_wconf 71' lang='lat' dir='ltr'><strong>seo</strong></span> 
     </span>
     <span class='ocr_line' id='line_1_16' title="bbox 206 1567 1048 1645; baseline 0 -10"><span class='ocrx_word' id='word_1_98' title='bbox 206 1568 367 1645; x_wconf 81' lang='lat' dir='ltr'><strong>Quattuor</strong></span> <span class='ocrx_word' id='word_1_99' title='bbox 389 1573 522 1634; x_wconf 77' lang='lat' dir='ltr'><strong>aeterno</strong></span> <span class='ocrx_word' id='word_1_100' title='bbox 544 1569 723 1632; x_wconf 76' lang='lat' dir='ltr'><strong>lustrantes</strong></span> <span class='ocrx_word' id='word_1_101' title='bbox 746 1567 867 1632; x_wconf 90' lang='lat' dir='ltr'><strong>lumine</strong></span> <span class='ocrx_word' id='word_1_102' title='bbox 890 1567 1048 1635; x_wconf 89' lang='lat' dir='ltr'><strong>mundum</strong></span> 
     </span>
     <span class='ocr_line' id='line_1_17' title="bbox 163 1655 930 1742; baseline -0.001 -21"><span class='ocrx_word' id='word_1_103' title='bbox 163 1656 267 1722; x_wconf 89' lang='lat' dir='ltr'><strong>Orbes</strong></span> <span class='ocrx_word' id='word_1_104' title='bbox 289 1656 451 1742; x_wconf 79' lang='lat' dir='ltr'><strong>stelligeri</strong></span> <span class='ocrx_word' id='word_1_105' title='bbox 472 1658 642 1740; x_wconf 83' lang='lat' dir='ltr'><strong>pertentes</strong></span> <span class='ocrx_word' id='word_1_106' title='bbox 665 1657 760 1742; x_wconf 83' lang='lat' dir='ltr'><strong>signu</strong></span> <span class='ocrx_word' id='word_1_107' title='bbox 780 1655 930 1720; x_wconf 87' lang='lat' dir='ltr'><strong>feruutur</strong></span> 
     </span>
     <span class='ocr_line' id='line_1_18' title="bbox 162 1742 905 1830; baseline -0.003 -22"><span class='ocrx_word' id='word_1_108' title='bbox 162 1743 316 1829; x_wconf 84' lang='lat' dir='ltr'><strong>Amplexi</strong></span> <span class='ocrx_word' id='word_1_109' title='bbox 337 1747 443 1809; x_wconf 85' lang='lat' dir='ltr'><strong>terres</strong></span> <span class='ocrx_word' id='word_1_110' title='bbox 465 1743 548 1808; x_wconf 82' lang='lat' dir='ltr'><strong>caeli</strong></span> <span class='ocrx_word' id='word_1_111' title='bbox 570 1743 631 1808; x_wconf 89' lang='lat' dir='ltr'><strong>sub</strong></span> <span class='ocrx_word' id='word_1_112' title='bbox 653 1743 798 1830; x_wconf 88' lang='lat' dir='ltr'><strong>tegmine</strong></span> <span class='ocrx_word' id='word_1_113' title='bbox 819 1742 905 1807; x_wconf 88' lang='lat' dir='ltr'><strong>fulti.</strong></span> 
     </span>
    </p>

    <p class='ocr_par' dir='ltr' id='par_1_7' title="bbox 88 1831 1005 1917">
     <span class='ocr_line' id='line_1_19' title="bbox 88 1831 1005 1917; baseline 0.002 -21"><span class='ocrx_word' id='word_1_114' title='bbox 88 1831 190 1899; x_wconf 77' lang='lat' dir='ltr'>240E</span> <span class='ocrx_word' id='word_1_115' title='bbox 214 1832 331 1917; x_wconf 91' lang='lat' dir='ltr'><strong>quibus</strong></span> <span class='ocrx_word' id='word_1_116' title='bbox 354 1853 514 1898; x_wconf 76' lang='lat' dir='ltr'><strong>annorum</strong></span> <span class='ocrx_word' id='word_1_117' title='bbox 536 1831 710 1897; x_wconf 78' lang='lat' dir='ltr'><strong>volitantis</strong></span> <span class='ocrx_word' id='word_1_118' title='bbox 732 1832 856 1896; x_wconf 82' lang='lat' dir='ltr'><strong>lumine</strong></span> <span class='ocrx_word' id='word_1_119' title='bbox 876 1851 1005 1914; x_wconf 83' lang='lat' dir='ltr'><strong>nosces,</strong></span> 
     </span>
    </p>

    <p class='ocr_par' dir='ltr' id='par_1_8' title="bbox 140 1919 1175 2179">
     <span class='ocr_line' id='line_1_20' title="bbox 162 1919 1175 2004; baseline 0 -18"><span class='ocrx_word' id='word_1_120' title='bbox 162 1919 251 1996; x_wconf 77' lang='lat' dir='ltr'><strong>Quae</strong></span> <span class='ocrx_word' id='word_1_121' title='bbox 274 1921 381 1988; x_wconf 89' lang='lat' dir='ltr'><strong>densis</strong></span> <span class='ocrx_word' id='word_1_122' title='bbox 404 1920 558 1986; x_wconf 71' lang='grc'>(1155155555</span> <span class='ocrx_word' id='word_1_123' title='bbox 580 1919 691 1984; x_wconf 84' lang='lat' dir='ltr'><strong>licebit</strong></span> <span class='ocrx_word' id='word_1_124' title='bbox 713 1940 843 1984; x_wconf 87' lang='lat' dir='ltr'><strong>cernere</strong></span> <span class='ocrx_word' id='word_1_125' title='bbox 865 1919 979 2004; x_wconf 84' lang='lat' dir='ltr'><strong>signis.</strong></span> <span class='ocrx_word' id='word_1_126' title='bbox 1121 1935 1175 1986; x_wconf 80' lang='grc'><strong>455</strong></span> 
     </span>
     <span class='ocr_line' id='line_1_21' title="bbox 161 2006 1018 2093; baseline -0.004 -19"><span class='ocrx_word' id='word_1_127' title='bbox 161 2009 243 2074; x_wconf 81' lang='lat' dir='ltr'><strong>Tem</strong></span> <span class='ocrx_word' id='word_1_128' title='bbox 266 2030 403 2093; x_wconf 80' lang='lat' dir='ltr'><strong>magnos</strong></span> <span class='ocrx_word' id='word_1_129' title='bbox 426 2009 523 2074; x_wconf 89' lang='lat' dir='ltr'><strong>orbes</strong></span> <span class='ocrx_word' id='word_1_130' title='bbox 546 2029 666 2092; x_wconf 80' lang='lat' dir='ltr'><strong>magno</strong></span> <span class='ocrx_word' id='word_1_131' title='bbox 689 2028 762 2072; x_wconf 90' lang='lat' dir='ltr'><strong>cum</strong></span> <span class='ocrx_word' id='word_1_132' title='bbox 784 2007 906 2072; x_wconf 89' lang='lat' dir='ltr'><strong>lumine</strong></span> <span class='ocrx_word' id='word_1_133' title='bbox 929 2006 1018 2073; x_wconf 84' lang='lat' dir='ltr'><strong>letos</strong></span> 
     </span>
     <span class='ocr_line' id='line_1_22' title="bbox 140 2095 971 2179; baseline -0.004 -16"><span class='ocrx_word' id='word_1_134' title='bbox 140 2096 299 2163; x_wconf 87' lang='lat' dir='ltr'><strong>·Vinctos</strong></span> <span class='ocrx_word' id='word_1_135' title='bbox 320 2096 406 2160; x_wconf 88' lang='lat' dir='ltr'><strong>iuter</strong></span> <span class='ocrx_word' id='word_1_136' title='bbox 428 2117 463 2160; x_wconf 91' lang='lat' dir='ltr'><strong>se</strong></span> <span class='ocrx_word' id='word_1_137' title='bbox 486 2101 520 2161; x_wconf 88' lang='lat' dir='ltr'><strong>et</strong></span> <span class='ocrx_word' id='word_1_138' title='bbox 541 2095 635 2160; x_wconf 88' lang='lat' dir='ltr'><strong>nodis</strong></span> <span class='ocrx_word' id='word_1_139' title='bbox 658 2095 852 2160; x_wconf 83' lang='lat' dir='ltr'><strong>coelestibus</strong></span> <span class='ocrx_word' id='word_1_140' title='bbox 875 2097 971 2179; x_wconf 86' lang='lat' dir='ltr'><strong>eptos</strong></span> 
     </span>
    </p>

    <p class='ocr_par' dir='ltr' id='par_1_9' title="bbox 162 2182 965 2268">
     <span class='ocr_line' id='line_1_23' title="bbox 162 2182 965 2268; baseline -0.001 -21"><span class='ocrx_word' id='word_1_141' title='bbox 162 2183 272 2267; x_wconf 84' lang='lat' dir='ltr'><strong>Atque</strong></span> <span class='ocrx_word' id='word_1_142' title='bbox 294 2183 367 2267; x_wconf 85' lang='lat' dir='ltr'><strong>peri</strong></span> <span class='ocrx_word' id='word_1_143' title='bbox 375 2183 496 2268; x_wconf 82' lang='lat' dir='ltr'><strong>&#39;spetio</strong></span> <span class='ocrx_word' id='word_1_144' title='bbox 519 2182 582 2248; x_wconf 91' lang='lat' dir='ltr'><strong>duo</strong></span> <span class='ocrx_word' id='word_1_145' title='bbox 605 2203 717 2248; x_wconf 82' lang='lat' dir='ltr'><strong>cernes</strong></span> <span class='ocrx_word' id='word_1_146' title='bbox 738 2203 809 2248; x_wconf 88' lang='lat' dir='ltr'><strong>esse</strong></span> <span class='ocrx_word' id='word_1_147' title='bbox 831 2182 965 2248; x_wconf 89' lang='lat' dir='ltr'><strong>duobus.</strong></span> 
     </span>
    </p>

    <p class='ocr_par' dir='ltr' id='par_1_10' title="bbox 88 2270 960 2356">
     <span class='ocr_line' id='line_1_24' title="bbox 88 2270 960 2356; baseline 0 -20"><span class='ocrx_word' id='word_1_148' title='bbox 88 2277 151 2338; x_wconf 77' lang='lat'><strong>245</strong></span> <span class='ocrx_word' id='word_1_149' title='bbox 162 2271 209 2336; x_wconf 89' lang='lat' dir='ltr'><strong>At</strong></span> <span class='ocrx_word' id='word_1_150' title='bbox 232 2270 261 2334; x_wconf 89' lang='lat' dir='ltr'><strong>si</strong></span> <span class='ocrx_word' id='word_1_151' title='bbox 281 2273 440 2336; x_wconf 81' lang='lat' dir='ltr'><strong>nocturno</strong></span> <span class='ocrx_word' id='word_1_152' title='bbox 462 2270 631 2336; x_wconf 76' lang='lat' dir='ltr'><strong>convisens</strong></span> <span class='ocrx_word' id='word_1_153' title='bbox 653 2275 801 2356; x_wconf 89' lang='lat' dir='ltr'><strong>tempore</strong></span> <span class='ocrx_word' id='word_1_154' title='bbox 822 2271 960 2354; x_wconf 82' lang='lat' dir='ltr'><strong>caelum,</strong></span> 
     </span>
    </p>

    <p class='ocr_par' dir='ltr' id='par_1_11' title="bbox 161 2357 1173 2532">
     <span class='ocr_line' id='line_1_25' title="bbox 162 2357 1173 2445; baseline 0.002 -20"><span class='ocrx_word' id='word_1_155' title='bbox 162 2357 245 2425; x_wconf 74' lang='lat' dir='ltr'><strong>(lum</strong></span> <span class='ocrx_word' id='word_1_156' title='bbox 266 2379 371 2443; x_wconf 89' lang='lat' dir='ltr'><strong>neque</strong></span> <span class='ocrx_word' id='word_1_157' title='bbox 392 2359 538 2445; x_wconf 82' lang='lat' dir='ltr'><strong>coligens</strong></span> <span class='ocrx_word' id='word_1_158' title='bbox 562 2358 698 2424; x_wconf 88' lang='lat' dir='ltr'><strong>detersit</strong></span> <span class='ocrx_word' id='word_1_159' title='bbox 720 2359 826 2424; x_wconf 83' lang='lat' dir='ltr'><strong>sideru</strong></span> <span class='ocrx_word' id='word_1_160' title='bbox 846 2359 950 2424; x_wconf 89' lang='lat' dir='ltr'><strong>nubes</strong></span> <span class='ocrx_word' id='word_1_161' title='bbox 1119 2376 1173 2427; x_wconf 75' lang='grc'><strong>450</strong></span> 
     </span>
     <span class='ocr_line' id='line_1_26' title="bbox 161 2445 948 2532; baseline 0 -21"><span class='ocrx_word' id='word_1_162' title='bbox 161 2445 231 2512; x_wconf 87' lang='lat' dir='ltr'><strong>Nec</strong></span> <span class='ocrx_word' id='word_1_163' title='bbox 252 2447 349 2530; x_wconf 88' lang='lat' dir='ltr'><strong>pleno</strong></span> <span class='ocrx_word' id='word_1_164' title='bbox 372 2447 486 2514; x_wconf 79' lang='lat' dir='ltr'><strong>stelles</strong></span> <span class='ocrx_word' id='word_1_165' title='bbox 510 2446 676 2532; x_wconf 81' lang='lat' dir='ltr'><strong>supererit</strong></span> <span class='ocrx_word' id='word_1_166' title='bbox 697 2446 819 2512; x_wconf 89' lang='lat' dir='ltr'><strong>lumine</strong></span> <span class='ocrx_word' id='word_1_167' title='bbox 841 2445 948 2529; x_wconf 75' lang='lat' dir='ltr'><strong>Luna,</strong></span> 
     </span>
    </p>

    <p class='ocr_par' dir='ltr' id='par_1_12' title="bbox 161 2533 981 2620">
     <span class='ocr_line' id='line_1_27' title="bbox 161 2533 981 2620; baseline 0.002 -22"><span class='ocrx_word' id='word_1_168' title='bbox 161 2533 284 2615; x_wconf 83' lang='lat' dir='ltr'><strong>Vidisti</strong></span> <span class='ocrx_word' id='word_1_169' title='bbox 304 2555 461 2620; x_wconf 76' lang='lat' dir='ltr'><strong>maguum</strong></span> <span class='ocrx_word' id='word_1_170' title='bbox 483 2535 673 2614; x_wconf 81' lang='lat' dir='ltr'><strong>condentem</strong></span> <span class='ocrx_word' id='word_1_171' title='bbox 696 2555 825 2619; x_wconf 88' lang='lat' dir='ltr'><strong>serpere</strong></span> <span class='ocrx_word' id='word_1_172' title='bbox 847 2535 981 2617; x_wconf 75' lang='lat' dir='ltr'><strong>circum;</strong></span> 
     </span>
    </p>

    <p class='ocr_par' dir='ltr' id='par_1_13' title="bbox 162 2621 1003 2710">
     <span class='ocr_line' id='line_1_28' title="bbox 162 2621 1003 2710; baseline 0 -23"><span class='ocrx_word' id='word_1_173' title='bbox 162 2621 326 2688; x_wconf 80' lang='lat' dir='ltr'><strong>Lacteus</strong></span> <span class='ocrx_word' id='word_1_174' title='bbox 347 2622 401 2689; x_wconf 90' lang='lat' dir='ltr'><strong>hic</strong></span> <span class='ocrx_word' id='word_1_175' title='bbox 423 2623 524 2689; x_wconf 90' lang='lat' dir='ltr'><strong>nimio</strong></span> <span class='ocrx_word' id='word_1_176' title='bbox 546 2623 677 2710; x_wconf 79' lang='lat' dir='ltr'><strong>fulgens</strong></span> <span class='ocrx_word' id='word_1_177' title='bbox 700 2622 838 2688; x_wconf 85' lang='lat' dir='ltr'><strong>cuudore</strong></span> <span class='ocrx_word' id='word_1_178' title='bbox 859 2625 1003 2688; x_wconf 88' lang='lat' dir='ltr'><strong>notetur.</strong></span> 
     </span>
    </p>

    <p class='ocr_par' dir='ltr' id='par_1_14' title="bbox 88 2709 1255 3056">
     <span class='ocr_line' id='line_1_29' title="bbox 88 2709 1255 2798; baseline -0.001 -23"><span class='ocrx_word' id='word_1_179' title='bbox 88 2709 196 2776; x_wconf 75' lang='grc'>15015</span> <span class='ocrx_word' id='word_1_180' title='bbox 218 2731 285 2776; x_wconf 88' lang='lat' dir='ltr'><strong>nou</strong></span> <span class='ocrx_word' id='word_1_181' title='bbox 306 2714 499 2796; x_wconf 89' lang='lat' dir='ltr'><strong>perpetuum</strong></span> <span class='ocrx_word' id='word_1_182' title='bbox 522 2710 673 2776; x_wconf 77' lang='lat' dir='ltr'><strong>deterens</strong></span> <span class='ocrx_word' id='word_1_183' title='bbox 696 2710 826 2776; x_wconf 87' lang='lat' dir='ltr'><strong>conficit</strong></span> <span class='ocrx_word' id='word_1_184' title='bbox 848 2711 975 2793; x_wconf 81' lang='lat' dir='ltr'><strong>orbem3</strong></span> <span class='ocrx_word' id='word_1_185' title='bbox 1254 2795 1255 2798; x_wconf 8' lang='grc' dir='ltr'><strong>Ἴ</strong></span> 
     </span>
     <span class='ocr_line' id='line_1_30' title="bbox 164 2798 1255 2879; baseline 0.001 -15"><span class='ocrx_word' id='word_1_186' title='bbox 164 2798 316 2878; x_wconf 51' lang='lat' dir='ltr'><strong>&amp;sotter</strong></span> <span class='ocrx_word' id='word_1_187' title='bbox 337 2799 676 2864; x_wconf 62' lang='lat' dir='ltr'><strong>iussoslussos</strong></span> <span class='ocrx_word' id='word_1_188' title='bbox 697 2799 775 2864; x_wconf 74' lang='lat' dir='ltr'><strong>nuo</strong></span> <span class='ocrx_word' id='word_1_189' title='bbox 793 2799 955 2879; x_wconf 62' lang='lat' dir='ltr'><strong>fouentem</strong></span> <span class='ocrx_word' id='word_1_190' title='bbox 1117 2815 1171 2865; x_wconf 80' lang='grc'><strong>455</strong></span> <span class='ocrx_word' id='word_1_191' title='bbox 1254 2811 1255 2836; x_wconf 51' lang='lat' dir='ltr'>l</span> 
     </span>
     <span class='ocr_line' id='line_1_31' title="bbox 163 2883 1255 2971; baseline 0.001 -20"><span class='ocrx_word' id='word_1_192' title='bbox 163 2883 226 2951; x_wconf 81' lang='lat' dir='ltr'><strong>Sed</strong></span> <span class='ocrx_word' id='word_1_193' title='bbox 248 2886 356 2971; x_wconf 79' lang='lat' dir='ltr'><strong>spatio</strong></span> <span class='ocrx_word' id='word_1_194' title='bbox 379 2886 520 2952; x_wconf 88' lang='lat' dir='ltr'><strong>multum</strong></span> <span class='ocrx_word' id='word_1_195' title='bbox 543 2886 667 2971; x_wconf 83' lang='lat' dir='ltr'><strong>superis</strong></span> <span class='ocrx_word' id='word_1_196' title='bbox 690 2890 857 2971; x_wconf 76' lang='lat' dir='ltr'><strong>proestare</strong></span> <span class='ocrx_word' id='word_1_197' title='bbox 880 2887 1005 2952; x_wconf 86' lang='lat' dir='ltr'><strong>duobus</strong></span> <span class='ocrx_word' id='word_1_198' title='bbox 1254 2895 1255 2916; x_wconf 67' lang='lat'>¹</span> 
     </span>
     <span class='ocr_line' id='line_1_32' title="bbox 163 2973 976 3056; baseline -0.001 -16"><span class='ocrx_word' id='word_1_199' title='bbox 163 2973 290 3040; x_wconf 88' lang='lat' dir='ltr'><strong>Dicitur</strong></span> <span class='ocrx_word' id='word_1_200' title='bbox 313 2976 348 3038; x_wconf 89' lang='lat' dir='ltr'><strong>et</strong></span> <span class='ocrx_word' id='word_1_201' title='bbox 368 2973 435 3039; x_wconf 84' lang='lat' dir='ltr'><strong>lete</strong></span> <span class='ocrx_word' id='word_1_202' title='bbox 457 2973 540 3040; x_wconf 82' lang='lat' dir='ltr'><strong>coeli</strong></span> <span class='ocrx_word' id='word_1_203' title='bbox 562 2974 702 3040; x_wconf 75' lang='lat' dir='ltr'><strong>lustrare</strong></span> <span class='ocrx_word' id='word_1_204' title='bbox 725 2995 889 3040; x_wconf 80' lang='lat' dir='ltr'><strong>cavemus.</strong></span> <span class='ocrx_word' id='word_1_205' title='bbox 918 3032 921 3037; x_wconf 94' lang='lat'>.</span> <span class='ocrx_word' id='word_1_206' title='bbox 956 3037 976 3056; x_wconf 42' lang='lat' dir='ltr'><em>l</em></span> 
     </span>
    </p>

    <p class='ocr_par' dir='ltr' id='par_1_15' title="bbox 163 3060 1145 3238">
     <span class='ocr_line' id='line_1_33' title="bbox 207 3060 1097 3148; baseline 0.001 -21"><span class='ocrx_word' id='word_1_207' title='bbox 207 3060 352 3137; x_wconf 82' lang='lat' dir='ltr'><strong>Quorum</strong></span> <span class='ocrx_word' id='word_1_208' title='bbox 374 3062 459 3127; x_wconf 88' lang='lat' dir='ltr'><strong>ulter</strong></span> <span class='ocrx_word' id='word_1_209' title='bbox 480 3065 620 3148; x_wconf 82' lang='lat' dir='ltr'><strong>tangens</strong></span> <span class='ocrx_word' id='word_1_210' title='bbox 643 3061 816 3145; x_wconf 89' lang='lat' dir='ltr'><strong>Aquilonis</strong></span> <span class='ocrx_word' id='word_1_211' title='bbox 838 3062 978 3128; x_wconf 86' lang='lat' dir='ltr'><strong>vertitur</strong></span> <span class='ocrx_word' id='word_1_212' title='bbox 1000 3083 1097 3128; x_wconf 78' lang='lat' dir='ltr'><strong>eures</strong></span> 
     </span>
     <span class='ocr_line' id='line_1_34' title="bbox 163 3147 1145 3238; baseline 0.003 -24"><span class='ocrx_word' id='word_1_213' title='bbox 163 3147 229 3215; x_wconf 86' lang='lat' dir='ltr'><strong>Ore</strong></span> <span class='ocrx_word' id='word_1_214' title='bbox 251 3153 365 3234; x_wconf 88' lang='lat' dir='ltr'><strong>petens</strong></span> <span class='ocrx_word' id='word_1_215' title='bbox 388 3148 600 3215; x_wconf 80' lang='lat' dir='ltr'><strong>Geminorum</strong></span> <span class='ocrx_word' id='word_1_216' title='bbox 621 3149 786 3234; x_wconf 81' lang='lat' dir='ltr'><strong>inlustrie3</strong></span> <span class='ocrx_word' id='word_1_217' title='bbox 808 3154 880 3214; x_wconf 89' lang='lat' dir='ltr'><strong>tum</strong></span> <span class='ocrx_word' id='word_1_218' title='bbox 903 3171 1005 3238; x_wconf 89' lang='lat' dir='ltr'><strong>genus</strong></span> <span class='ocrx_word' id='word_1_219' title='bbox 1028 3151 1145 3217; x_wconf 85' lang='lat' dir='ltr'><strong>erdeus</strong></span> 
     </span>
    </p>

    <p class='ocr_par' dir='ltr' id='par_1_16' title="bbox 89 3235 1255 3582">
     <span class='ocr_line' id='line_1_35' title="bbox 89 3235 1170 3324; baseline 0.003 -22"><span class='ocrx_word' id='word_1_220' title='bbox 89 3235 203 3302; x_wconf 78' lang='lat'>255111</span> <span class='ocrx_word' id='word_1_221' title='bbox 225 3257 296 3303; x_wconf 87' lang='lat' dir='ltr'><strong>sese</strong></span> <span class='ocrx_word' id='word_1_222' title='bbox 317 3237 461 3304; x_wconf 89' lang='lat' dir='ltr'><strong>retinens</strong></span> <span class='ocrx_word' id='word_1_223' title='bbox 484 3237 629 3324; x_wconf 79' lang='lat' dir='ltr'><strong>Aurigae</strong></span> <span class='ocrx_word' id='word_1_224' title='bbox 651 3241 763 3323; x_wconf 85' lang='lat' dir='ltr'><strong>portet</strong></span> <span class='ocrx_word' id='word_1_225' title='bbox 785 3242 966 3321; x_wconf 88' lang='lat' dir='ltr'><strong>utrumque.</strong></span> <span class='ocrx_word' id='word_1_226' title='bbox 1118 3254 1170 3306; x_wconf 78' lang='lat' dir='ltr'><strong>too</strong></span> 
     </span>
     <span class='ocr_line' id='line_1_36' title="bbox 163 3322 987 3410; baseline 0.002 -22"><span class='ocrx_word' id='word_1_227' title='bbox 163 3322 258 3389; x_wconf 89' lang='lat' dir='ltr'><strong>Hunc</strong></span> <span class='ocrx_word' id='word_1_228' title='bbox 281 3345 358 3390; x_wconf 81' lang='lat' dir='ltr'><strong>sure</strong></span> <span class='ocrx_word' id='word_1_229' title='bbox 379 3325 474 3410; x_wconf 81' lang='lat' dir='ltr'><strong>laeve</strong></span> <span class='ocrx_word' id='word_1_230' title='bbox 495 3324 631 3391; x_wconf 89' lang='lat' dir='ltr'><strong>Perseus</strong></span> <span class='ocrx_word' id='word_1_231' title='bbox 654 3347 830 3408; x_wconf 88' lang='lat' dir='ltr'><strong>umeroque</strong></span> <span class='ocrx_word' id='word_1_232' title='bbox 853 3326 987 3391; x_wconf 89' lang='lat' dir='ltr'><strong>sinistro</strong></span> 
     </span>
     <span class='ocr_line' id='line_1_37' title="bbox 164 3408 1132 3498; baseline 0.004 -24"><span class='ocrx_word' id='word_1_233' title='bbox 164 3408 298 3494; x_wconf 78' lang='lat' dir='ltr'><strong>&#39;lengit3</strong></span> <span class='ocrx_word' id='word_1_234' title='bbox 321 3414 356 3474; x_wconf 85' lang='lat' dir='ltr'><strong>st</strong></span> <span class='ocrx_word' id='word_1_235' title='bbox 376 3410 584 3476; x_wconf 82' lang='lat' dir='ltr'><strong>Andromede</strong></span> <span class='ocrx_word' id='word_1_236' title='bbox 604 3411 658 3476; x_wconf 90' lang='lat' dir='ltr'><strong>hic</strong></span> <span class='ocrx_word' id='word_1_237' title='bbox 681 3412 794 3478; x_wconf 80' lang='lat' dir='ltr'><strong>dextre</strong></span> <span class='ocrx_word' id='word_1_238' title='bbox 817 3413 856 3477; x_wconf 94' lang='lat' dir='ltr'><strong>de</strong></span> <span class='ocrx_word' id='word_1_239' title='bbox 878 3418 972 3496; x_wconf 81' lang='lat' dir='ltr'><strong>perte</strong></span> <span class='ocrx_word' id='word_1_240' title='bbox 995 3417 1132 3498; x_wconf 86' lang='lat' dir='ltr'><strong>tenetur,</strong></span> 
     </span>
     <span class='ocr_line' id='line_1_38' title="bbox 164 3493 1255 3582; baseline 0.005 -19"><span class='ocrx_word' id='word_1_241' title='bbox 164 3493 224 3563; x_wconf 70' lang='lat' dir='ltr'><strong>eo</strong></span> <span class='ocrx_word' id='word_1_242' title='bbox 245 3513 358 3561; x_wconf 73' lang='lat' dir='ltr'><strong>moces</strong></span> <span class='ocrx_word' id='word_1_243' title='bbox 379 3499 423 3562; x_wconf 85' lang='lat' dir='ltr'><strong>ud</strong></span> <span class='ocrx_word' id='word_1_244' title='bbox 439 3497 931 3582; x_wconf 56' lang='lat' dir='ltr'><strong>necestuosorum</strong></span> <span class='ocrx_word' id='word_1_245' title='bbox 950 3502 994 3565; x_wconf 85' lang='lat' dir='ltr'><strong>od</strong></span> <span class='ocrx_word' id='word_1_246' title='bbox 1008 3501 1168 3582; x_wconf 70' lang='lat' dir='ltr'><strong>Austrum,</strong></span> <span class='ocrx_word' id='word_1_247' title='bbox 1254 3515 1255 3568; x_wconf 63' lang='grc' dir='ltr'><em>ὲ</em></span> 
     </span>
    </p>
   </div>
   <div class='ocr_carea' id='block_1_5' title="bbox 0 0 1276 3950">
    <p class='ocr_par' dir='ltr' id='par_1_17' title="bbox 0 0 1276 3950">
     <span class='ocr_line' id='line_1_39' title="bbox 0 0 1276 3950; baseline 0 1"><span class='ocrx_word' id='word_1_248' title='bbox 0 0 1276 3950; x_wconf 95' lang='lat' dir='ltr'><strong> </strong></span> 
     </span>
    </p>
   </div>
  </div>
 </body>
</html>
