2570 3944
401 193 626 250 ORATIONUM.
646 195 678 249 A.
697 193 762 248 XIV
780 199 875 248 r-n.
1076 193 1140 259 219

181 356 366 424 bumilitatis
391 357 574 440 plenissima
604 358 640 421 iu
670 376 740 422 eum
770 356 870 422 oenus
900 359 929 422 el
950 355 1143 437 probabilius

181 446 390 528 conseruntur,
420 447 475 528 qui
505 445 621 511 abimta
651 445 737 510 omni
766 444 914 527 dibnilate
945 444 1064 510 ordinis
1094 445 1144 510 sui

181 532 361 617 Pompeium
382 534 520 599 1111111111
536 531 678 615 precibus
699 533 839 614 macerit,
860 535 897 596 ut
912 532 952 596 ab
969 551 1002 597 eo
1020 533 1055 597 in
1069 553 1143 615 pra·

183 623 260 687 tiam
280 623 468 704 reciperetur

111 728 141 768 11
208 711 257 774 10
286 707 362 776 Non
388 708 508 793 pudet?
554 706 616 772 Sed
644 708 720 792 quid
742 707 861 793 pudent
887 706 1051 773 hominem
1078 729 1142 772 non

6 827 7 878 ι
139 798 234 865 modo
258 797 327 863 uine
349 796 484 882 pudore,
507 818 619 862 rerum
643 796 774 860 omnino
798 796 866 861 sine
890 795 966 861 ore?

248 821 371 952 Multap
385 905 454 952 uun
485 885 645 950 acerbitate
674 885 843 950 insurrexit
873 890 902 950 et
930 884 1143 966 inprudentiam

181 975 244 1040 sice
273 975 423 1055 informem
453 974 675 1057 turpitudinem
704 973 766 1038 sice
796 971 1018 1053 deformitatem
1047 973 1144 1038 ooltrm

181 1063 283 1128 uolens
310 1061 492 1144 obprobrare
519 1060 595 1126 ‘non
622 1063 751 1125 tantum
781 1060 850 1126 sine
873 1061 1004 1144 rubore,
1031 1081 1144 1126 verum

99 1169 126 1209 ro
184 1149 283 1215 etium
315 1150 384 1214 sine
417 1149 487 1214 ore'
515 1148 553 1215 P.
579 1148 725 1215 Clodium
756 1149 843 1214 emir.
893 1148 979 1214 Nam
1010 1149 1144 1214 traditur

180 1238 285 1318 formu
305 1238 462 1304 inliberali
483 1239 512 1302 is
531 1237 635 1317 fuisse.

207 1326 257 1390 ll.
280 1323 333 1390 sio
356 1326 441 1390 enim
463 1325 611 1390 homines
634 1327 766 1409 egentes
790 1327 822 1388 11
845 1323 1014 1390 turbarum
1037 1324 1144 1409 cupidi

139 1414 368 1498 loquebantur:
392 1414 539 1481 ovinum
561 1411 585 1495 †
607 1415 736 1478 usuum!

248 1500 519 1585 Rumrperantium
532 1521 682 1566 snumrres
694 1500 820 1581 rettulit,
837 1501 891 1582 qui
908 1520 977 1566 cum
990 1519 1145 1566 summum

101 1608 127 1648 1⁵
183 1591 315 1673 ciperem
336 1591 522 1658 constantiae
544 1586 649 1656 Clodio
670 1589 912 1672 adscrnpsissenl,
941 1589 1022 1670 quod
1047 1589 1143 1654 auda·
1171 1632 1174 1638 ·

184 1681 250 1744 11111
275 1675 419 1760 Pompeio
444 1682 638 1762 repupnaret,
663 1681 736 1760 post
765 1677 892 1742 11111111
918 1676 1029 1743 bamili
1055 1678 1144 1744 satis·

182 1766 315 1847 faotione
336 1767 503 1849 depositum
524 1767 686 1830 contemtui
707 1765 855 1830 ducerent.

209 1855 258 1919 12.
277 1853 362 1920 Male
381 1853 485 1919 diacre
504 1851 634 1918 eutem?
652 1852 752 1916 immo
766 1873 842 1917 vero
857 1852 953 1917 domo
967 1851 1145 1937 principem

140 1942 174 2008 vi
196 1946 229 2007 et
251 1945 340 2007 metu
363 1941 535 2008 continere.

101 2047 128 2087 ro
252 2032 414 2095 .....in
439 2029 494 2096 urb
520 2029 624 2094 cadero
645 2028 761 2112 nmen
782 2077 789 2092 .
813 2077 821 2092 .
844 2077 852 2092 .
873 2027 996 2094 uerbum
1017 2029 1148 2094 retranit

181 2115 1146 2287 1111111..

186 2300 236 2360 tur
266 2299 296 2359 et
325 2295 361 2359 in
390 2295 464 2360 alir's
495 2295 615 2376 quedem
645 2298 726 2358 retro
756 2291 870 2357 babilis
900 2293 1089 2358 orationibus
1119 2297 1149 2358 et

185 2383 281 2448 mam
297 2383 421 2464 plenius
442 2401 480 2447 ae
501 2381 694 2461 manifestius
709 2401 771 2462 pro
793 2379 921 2446 Milone.

102 2486 129 2528 ¹⁵
211 2472 260 2536 13.
292 2473 328 2534 ut
333 2491 458 2554 ,quas
489 2469 626 2533 heberet
655 2468 691 2532 in
722 2467 935 2532 vestibulot
920 2467 1064 2551 tabulas,
1099 2488 1146 2531 re·

141 2559 164 2622 fi
189 2562 265 2623 ere

166 2578 188 2646 g
252 2645 328 2712 Post
343 2647 469 2711 eiectum
486 2641 658 2712 onerumu
675 2643 756 2708 uelut
776 2643 942 2708 criminum
964 2643 1029 2709 11111
1051 2644 1147 2726 elopia

180 2736 405 2818 proscripserat
430 2731 617 2799 Clodiust
588 2738 617 2797 11
641 2731 760 2796 easdem
789 2731 909 2796 tabulas
939 2732 975 2796 in
1004 2731 1147 2797 ontibulo

187 2825 293 2889 domus
314 2841 388 2888 suae
409 2822 527 2904 ficerat,
549 2821 585 2886 de
606 2819 715 2903 quibus
736 2839 819 2884 nunc
837 2819 920 2900 loqui
936 2819 1063 2902 ridetur,
1085 2839 1147 2884 eos·

103 2926 130 2966 10
187 2931 243 2993 que
264 2910 423 2993 contendit,
445 2910 590 2994 quoniam
610 2908 711 2988 falsae
732 2908 797 2972 siut
812 2911 841 2971 et
857 2907 1070 2989 calumniosae,
1087 2926 1147 2988 pro

187 2998 284 3064 nibilo
310 3017 372 3064 esse
397 2998 563 3080 ducendas,
589 3015 642 3062 nec
668 2995 767 3061 albem
793 2995 853 3061 sibi
875 3014 912 3060 en
933 2995 974 3060 iis
996 2994 1148 3060 inuidiam

181 3087 461 3169 pertimescendam,
482 3087 535 3167 qui
557 3089 586 3150 ei
606 3085 641 3150 in
662 3088 786 3149 senatus
808 3082 941 3147 consulto
963 3081 1148 3148 1111111111-

187 3177 262 3240 titus
283 3176 326 3241 sit
346 3179 375 3239 et
394 3174 614 3238 restitutionem
636 3172 787 3236 meruerit.

212 3264 261 3328 14.
283 3261 415 3327 Etenim
437 3261 511 3342 trie,
533 3263 570 3324 ut
593 3259 717 3344 opinor,
738 3257 818 3322 haec
835 3258 871 3322 in
888 3256 1019 3322 Milonis
1038 3277 1112 3342 pers

102 3365 129 3406 ³⁵
142 3371 218 3416 nem
246 3353 379 3434 quesbus
408 3370 457 3414 es:
490 3349 529 3412 de
557 3369 630 3412 aere
658 3346 777 3428 alieno,
803 3346 839 3411 de
865 3345 912 3429 vi,
943 3344 982 3410 do
1009 3344 1104 3410 ambil

143 3437 206 3503 duo
228 3437 425 3523 praeteristi:
448 3435 531 3502 nihil
554 3436 593 3501 de
615 3434 827 3520 religionibus
844 3433 986 3518 violetis,
1007 3433 1091 3499 nihil

142 3525 274 3591 incestis
297 3526 420 3611 stupris
443 3528 576 3610 questus
600 3545 642 3590 11.
