2504 3950
135 201 199 266 140
374 197 467 252 CATO
486 196 606 252 MAIOR
623 195 672 251 DE
693 192 904 288 sannorum*

134 361 181 427 sis
204 361 388 442 elaborant,
418 379 500 442 quae
528 358 635 423 sciunt
660 356 744 422 nihil
772 356 813 420 ad
837 377 871 421 se
894 355 1025 420 omnino
1047 357 1147 440 perti·

132 471 223 514 nere:
251 446 371 512 ‘Serit
399 447 571 529 arbores,
604 466 699 529 quae
727 444 846 509 alteri
878 445 1033 509 saeculo
1060 465 1148 528 pro·

81 554 115 602 25
136 535 239 621 sint',
261 539 299 600 ut
322 535 370 600 ait
392 533 518 599 Statius
540 538 652 619 noster
674 533 709 597 in
728 530 940 616 Synephebis.
976 529 1047 597 Neo
1068 554 1147 598 vero

135 625 264 690 dubitat
292 624 451 710 agricola,
483 623 631 706 quamvis
664 621 707 685 sit
740 641 849 703 senex,
882 619 1064 703 quaerenti,
1094 621 1149 685 oui

136 716 232 797 serat,
256 712 462 797 respondere:
486 709 570 774 ‘Dis
592 708 884 791 inmortalibus,
908 708 972 790 qui
994 729 1150 773 menon
1175 725 1187 764 ⁵

135 801 312 886 accipere
330 799 441 865 modo
459 799 553 863 haec
571 820 592 863 a
609 797 823 862 maioribus
841 796 1066 878 voluerunt,
1084 796 1151 860 sed
1240 823 1241 826 ¹

97 889 253 955 Setiam
281 887 451 972 posteris
478 884 662 970 prodere?
707 883 752 949 nt
780 884 895 948 melius
918 881 1081 948 Caecilius
1111 884 1151 949 de

137 999 213 1042 sene
236 975 332 1040 alteri
356 973 484 1039 saeculo
507 973 726 1058 prospiciente
750 994 847 1057 quam
869 971 951 1036 illud
973 971 1075 1036 idem:

180 1063 341 1147 Edepol,
363 1065 558 1145 senectus,
581 1057 616 1124 si
635 1060 694 1124 nil
718 1060 920 1144 quicquam
943 1059 1051 1124 aliud
1075 1060 1152 1125 viti

180 1150 376 1234 Adpdrtcs
390 1147 525 1233 tecum,
539 1171 621 1214 cum
635 1148 808 1232 advenis,
820 1169 935 1212 unum
946 1145 985 1211 1‘d
1000 1151 1063 1213 sat
1076 1153 1151 1233 est,
1165 1165 1188 1204 1⁰

181 1237 287 1313 Quod
302 1237 366 1303 diu
379 1237 543 1304 vivendo
558 1237 694 1319 mdlta,
713 1257 808 1320 quae
822 1257 898 1300 non
914 1235 1011 1319 volt,
1029 1235 1151 1302 ridet.

83 1334 86 1342 ’
136 1325 181 1392 nt
203 1327 311 1392 multa
325 1327 484 1410 tortasse,
506 1345 588 1410 quae
611 1325 693 1390 volt!
723 1328 820 1406 atque
841 1324 878 1388 in
900 1345 951 1400 ea,
975 1345 1059 1407 qnae
1084 1347 1152 1390 non

137 1415 221 1500 volt,
255 1436 350 1500 saepe
382 1415 482 1480 etiam
514 1412 732 1478 adulescentia
762 1412 907 1476 incurrit.
951 1409 1040 1475 Illud
1071 1434 1152 1478 vero

137 1503 223 1568 idem
246 1501 405 1569 Caecilius
427 1501 600 1567 vitiosiusz·

182 1591 274 1655 Tum
300 1590 476 1674 equidem
502 1587 542 1652 in
570 1591 726 1653 senecta
752 1587 824 1652 hoc
847 1587 988 1671 deputo
1012 1587 1189 1652 miser-a

861 1697 1013 1757 armum,

182 1762 336 1829 Sentire
349 1785 394 1829 ea
407 1766 536 1828 aetate
550 1764 705 1848 eumpse
724 1784 807 1827 esse
826 1763 1000 1828 odiosum
1018 1763 1152 1829 elteri.

84 1870 117 1920 as
137 1852 315 1918 Iucundum
338 1853 447 1937 potius
471 1874 569 1936 quam
593 1852 748 1917 odiosum.
784 1849 831 1916 Ut
854 1851 949 1915 enim
963 1850 1151 1918 adulescen-

136 1942 225 2008 tibus
247 1942 334 2007 bona
351 1942 459 2006 indole
477 1940 633 2025 praeditis
652 1939 815 2024 sapientes
833 1959 925 2004 senes
944 1939 1152 2006 delectantem

137 2030 302 2114 leviorque
325 2029 363 2095 lit
386 2033 533 2094 senectus
557 2049 676 2111 eorum,
700 2027 755 2112 qui
773 2049 794 2092 a
810 2027 978 2092 iuventute
996 2028 1151 2094 coluntur

137 2122 171 2182 et
193 2117 388 2203 diligrmtur,
415 2117 462 2180 sic
485 2116 706 2180 adulescentes
730 2136 843 2180 senum
865 2115 1047 2200 praeceptis
1072 2137 1151 2201 gau·
1164 2133 1187 2172 2⁰

137 2204 222 2287 dent,
245 2204 370 2287 quibus
386 2203 427 2267 ad
449 2203 607 2268 virtutum
631 2203 739 2268 studia
762 2203 935 2286 cacunem
956 2225 1016 2268 nec
1039 2204 1150 2270 minus

136 2291 293 2376 intellego
317 2311 368 2354 me
391 2290 484 2355 robis
508 2313 606 2374 quam
624 2291 705 2356 mihi
722 2312 781 2356 vos
800 2313 870 2356 esse
887 2291 1052 2358 iucundos.
1086 2291 1151 2358 Sed

136 2379 268 2464 vidctis,
296 2383 334 2446 ut
362 2381 508 2443 senectus
534 2400 601 2444 non
627 2379 724 2445 modo
751 2379 907 2465 languide
933 2382 1032 2462 atque
1058 2380 1151 2446 iners

136 2489 202 2533 non
230 2467 288 2551 sit,
319 2487 432 2532 verum
464 2467 562 2531 etiam
594 2467 639 2532 sit
666 2489 803 2552 operosa
830 2471 863 2532 et
890 2489 1017 2552 semper
1045 2491 1149 2555 agens

137 2554 261 2638 aliquid
288 2558 321 2620 et
348 2555 499 2640 moliens,
525 2555 593 2620 tale
620 2555 757 2638 scilicet,
785 2556 880 2639 quale
902 2555 1056 2640 cuiusque
1082 2561 1150 2622 stu·
1163 2571 1186 2612 ²⁵

137 2643 283 2708 diumoin
312 2643 477 2727 superiore
504 2643 574 2709 vita
603 2643 675 2708 fuit.
720 2641 826 2718 Quid?
854 2643 910 2727 qui
937 2643 1036 2708 etiam
1061 2644 1150 2710 addi-

136 2735 232 2798 scunt
245 2731 390 2816 aliquid?
408 2735 446 2796 ut
464 2735 498 2796 et
512 2728 663 2796 Solonem
682 2731 830 2797 versibus
849 2731 1046 2816 gloriantem
1061 2733 1150 2800 vide·

123 2818 222 2903 mus,
252 2819 308 2903 qui
335 2841 370 2884 se
396 2820 515 2886 cotidie
542 2820 666 2904 aliquid
693 2819 912 2886 addiscentem
935 2820 1013 2884 dicit
1035 2841 1149 2887 senem

135 2907 220 2991 fieri,
251 2911 285 2971 ct
312 2927 373 2993 ego
399 2907 476 2992 feci,
507 2908 564 2992 qui
590 2909 718 2974 litteras
742 2907 883 2973 Graecas
910 2929 1007 2974 senex
1036 2908 1149 2993 didici;

136 3015 217 3079 quas
240 2995 371 3079 quidem
394 2996 440 3061 sic
462 2995 556 3060 avide
579 2993 702 3081 arripui
725 2997 818 3081 quasi
846 2993 1032 3062 diuturnam
1056 2997 1149 3064 sitim
1161 3015 1186 3054 ³⁰

136 3083 264 3169 explere
286 3084 432 3168 cupiens,
459 3087 496 3148 ut
519 3105 557 3148 ea
579 3085 652 3169 ipsa
674 3085 756 3148 mihi
777 3089 857 3150 nota
878 3088 999 3167 essent,
1028 3086 1148 3168 quibus

136 3193 187 3236 me
200 3193 285 3238 nunc
299 3171 456 3256 exemplis
474 3171 525 3236 uti
541 3171 668 3238 videtis.
705 3171 799 3248 Quod
816 3194 889 3238 cum
905 3170 1020 3238 fecisse
1035 3169 1149 3240 Socra·

135 3264 202 3323 tem
224 3259 260 3324 in
280 3258 399 3325 fidibus
427 3259 585 3344 audirem,
614 3261 733 3327 vellem
761 3259 910 3343 equidem
937 3259 1038 3326 etiam
1064 3261 1148 3326 illud

135 3345 319 3496 (clliqoebsnt
341 3346 427 3416 enim
449 3347 569 3412 fidibus
592 3347 747 3434 antiqui),
775 3347 831 3413 sed
859 3346 893 3412 in
914 3347 1035 3412 litteris
1059 3355 1147 3416 certe

135 3454 188 3498 ea
211 3452 310 3496 oravl.
1158 3452 1183 3494 n

11 3567 12 3620 1
83 3489 116 3612 ἐξ
201 3516 271 3583 Neo
297 3537 381 3582 nunc
408 3519 537 3602 quidem
565 3521 650 3586 vires
678 3521 824 3588 desidero
853 3521 1068 3588 adulescentis
1104 3524 1128 3611 (⁸
