<?xml version="1.0" encoding="UTF-8"?>
<!DOCTYPE html PUBLIC "-//W3C//DTD XHTML 1.0 Transitional//EN"
    "http://www.w3.org/TR/xhtml1/DTD/xhtml1-transitional.dtd">
<html xmlns="http://www.w3.org/1999/xhtml" xml:lang="en" lang="en">
 <head>
  <title>
</title>
<meta http-equiv="Content-Type" content="text/html;charset=utf-8" />
  <meta name='ocr-system' content='tesseract 3.04.00' />
  <meta name='ocr-capabilities' content='ocr_page ocr_carea ocr_par ocr_line ocrx_word'/>
</head>
<body>
  <div class='ocr_page' id='page_1' title='image "./mtulliiciceroni04mlgoog_0223.png"; bbox 0 0 2578 3950; ppageno 0'>
   <div class='ocr_carea' id='block_1_1' title="bbox 181 195 951 266">
    <p class='ocr_par' dir='ltr' id='par_1_1' title="bbox 181 195 951 266">
     <span class='ocr_line' id='line_1_1' title="bbox 181 195 951 266; baseline -0.023 1"><span class='ocrx_word' id='word_1_1' title='bbox 181 201 244 266; x_wconf 85' lang='grc'>160</span> <span class='ocrx_word' id='word_1_2' title='bbox 422 199 515 254; x_wconf 78' lang='lat' dir='ltr'>CATO</span> <span class='ocrx_word' id='word_1_3' title='bbox 531 197 651 254; x_wconf 76' lang='lat' dir='ltr'><strong>MAIOR</strong></span> <span class='ocrx_word' id='word_1_4' title='bbox 668 197 717 251; x_wconf 84' lang='lat' dir='ltr'>DE</span> <span class='ocrx_word' id='word_1_5' title='bbox 737 195 951 253; x_wconf 69' lang='lat' dir='ltr'>senscrunt</span> 
     </span>
    </p>
   </div>
   <div class='ocr_carea' id='block_1_2' title="bbox 128 355 1260 722">
    <p class='ocr_par' dir='ltr' id='par_1_2' title="bbox 179 355 1191 606">
     <span class='ocr_line' id='line_1_2' title="bbox 179 355 1189 445; baseline -0.008 -17"><span class='ocrx_word' id='word_1_6' title='bbox 179 363 275 428; x_wconf 89' lang='lat' dir='ltr'>illuc</span> <span class='ocrx_word' id='word_1_7' title='bbox 292 355 437 445; x_wconf 85' lang='lat' dir='ltr'>omnia,</span> <span class='ocrx_word' id='word_1_8' title='bbox 459 361 556 425; x_wconf 89' lang='lat' dir='ltr'>unde</span> <span class='ocrx_word' id='word_1_9' title='bbox 579 363 666 425; x_wconf 86' lang='lat' dir='ltr'>orta</span> <span class='ocrx_word' id='word_1_10' title='bbox 689 363 791 444; x_wconf 86' lang='lat' dir='ltr'>sunt,</span> <span class='ocrx_word' id='word_1_11' title='bbox 814 358 962 422; x_wconf 87' lang='lat' dir='ltr'>animus</span> <span class='ocrx_word' id='word_1_12' title='bbox 982 359 1113 422; x_wconf 88' lang='lat' dir='ltr'>autem</span> <span class='ocrx_word' id='word_1_13' title='bbox 1132 377 1189 421; x_wconf 88' lang='lat' dir='ltr'>so·</span> 
     </span>
     <span class='ocr_line' id='line_1_3' title="bbox 180 445 1190 535; baseline -0.006 -21"><span class='ocrx_word' id='word_1_14' title='bbox 180 453 255 535; x_wconf 89' lang='lat' dir='ltr'>lus,</span> <span class='ocrx_word' id='word_1_15' title='bbox 281 472 348 516; x_wconf 87' lang='lat' dir='ltr'>neo</span> <span class='ocrx_word' id='word_1_16' title='bbox 370 471 452 515; x_wconf 89' lang='lat' dir='ltr'>cum</span> <span class='ocrx_word' id='word_1_17' title='bbox 480 449 589 514; x_wconf 85' lang='lat' dir='ltr'>adest</span> <span class='ocrx_word' id='word_1_18' title='bbox 611 469 678 512; x_wconf 89' lang='lat' dir='ltr'>neo</span> <span class='ocrx_word' id='word_1_19' title='bbox 700 467 783 511; x_wconf 89' lang='lat' dir='ltr'>oum</span> <span class='ocrx_word' id='word_1_20' title='bbox 807 445 984 531; x_wconf 74' lang='lat' dir='ltr'><strong>discedit,</strong></span> <span class='ocrx_word' id='word_1_21' title='bbox 1015 447 1190 532; x_wconf 87' lang='lat' dir='ltr'>apparet.</span> 
     </span>
     <span class='ocr_line' id='line_1_4' title="bbox 180 531 1191 606; baseline -0.007 -3"><span class='ocrx_word' id='word_1_22' title='bbox 180 533 259 602; x_wconf 89' lang='lat' dir='ltr'>Iam</span> <span class='ocrx_word' id='word_1_23' title='bbox 282 557 372 602; x_wconf 85' lang='lat' dir='ltr'>vero</span> <span class='ocrx_word' id='word_1_24' title='bbox 395 537 540 602; x_wconf 89' lang='lat' dir='ltr'>videtis</span> <span class='ocrx_word' id='word_1_25' title='bbox 557 536 663 606; x_wconf 88' lang='lat' dir='ltr'>nihil</span> <span class='ocrx_word' id='word_1_26' title='bbox 694 552 779 598; x_wconf 85' lang='lat' dir='ltr'>esse</span> <span class='ocrx_word' id='word_1_27' title='bbox 805 533 924 598; x_wconf 89' lang='lat' dir='ltr'>morti</span> <span class='ocrx_word' id='word_1_28' title='bbox 949 536 1027 596; x_wconf 89' lang='lat' dir='ltr'>tam</span> <span class='ocrx_word' id='word_1_29' title='bbox 1058 531 1191 596; x_wconf 88' lang='lat' dir='ltr'>simile</span> 
     </span>
    </p>

    <p class='ocr_par' dir='ltr' id='par_1_3' title="bbox 128 619 1260 722">
     <span class='ocr_line' id='line_1_5' title="bbox 128 619 1260 722; baseline -0.007 -31"><span class='ocrx_word' id='word_1_30' title='bbox 128 642 161 691; x_wconf 85' lang='lat'>81</span> <span class='ocrx_word' id='word_1_31' title='bbox 182 649 293 710; x_wconf 89' lang='lat' dir='ltr'>quam</span> <span class='ocrx_word' id='word_1_32' title='bbox 313 646 494 690; x_wconf 89' lang='lat' dir='ltr'>somnum.</span> <span class='ocrx_word' id='word_1_33' title='bbox 539 621 660 710; x_wconf 82' lang='lat' dir='ltr'>Atqui</span> <span class='ocrx_word' id='word_1_34' title='bbox 683 621 959 686; x_wconf 78' lang='lat' dir='ltr'><strong>dormientium</strong></span> <span class='ocrx_word' id='word_1_35' title='bbox 978 619 1098 684; x_wconf 88' lang='lat' dir='ltr'>animi</span> <span class='ocrx_word' id='word_1_36' title='bbox 1116 641 1192 684; x_wconf 88' lang='lat' dir='ltr'>ma·</span> <span class='ocrx_word' id='word_1_37' title='bbox 1259 657 1260 722; x_wconf 64' lang='lat' dir='ltr'>l</span> 
     </span>
    </p>
   </div>
   <div class='ocr_carea' id='block_1_3' title="bbox 131 708 1260 3604">
    <p class='ocr_par' dir='ltr' id='par_1_4' title="bbox 131 708 1260 3604">
     <span class='ocr_line' id='line_1_6' title="bbox 181 708 1260 798; baseline -0.013 -20"><span class='ocrx_word' id='word_1_38' title='bbox 181 716 280 778; x_wconf 86' lang='lat' dir='ltr'>xime</span> <span class='ocrx_word' id='word_1_39' title='bbox 302 715 505 798; x_wconf 82' lang='lat' dir='ltr'>declarant</span> <span class='ocrx_word' id='word_1_40' title='bbox 528 711 775 776; x_wconf 87' lang='lat' dir='ltr'>divinitatem</span> <span class='ocrx_word' id='word_1_41' title='bbox 798 731 917 792; x_wconf 79' lang='lat' dir='ltr'>suam3</span> <span class='ocrx_word' id='word_1_42' title='bbox 935 709 1058 772; x_wconf 89' lang='lat' dir='ltr'>multa</span> <span class='ocrx_word' id='word_1_43' title='bbox 1081 708 1191 789; x_wconf 90' lang='lat' dir='ltr'>euim,</span> <span class='ocrx_word' id='word_1_44' title='bbox 1215 724 1226 765; x_wconf 74' lang='lat' dir='ltr'>r</span> <span class='ocrx_word' id='word_1_45' title='bbox 1259 733 1260 778; x_wconf 69' lang='lat'>3</span> 
     </span>
     <span class='ocr_line' id='line_1_7' title="bbox 181 795 1260 890; baseline -0.007 -24"><span class='ocrx_word' id='word_1_46' title='bbox 181 825 265 866; x_wconf 89' lang='lat' dir='ltr'>cum</span> <span class='ocrx_word' id='word_1_47' title='bbox 288 801 443 866; x_wconf 85' lang='lat' dir='ltr'>remissi</span> <span class='ocrx_word' id='word_1_48' title='bbox 461 803 499 864; x_wconf 92' lang='lat' dir='ltr'>et</span> <span class='ocrx_word' id='word_1_49' title='bbox 518 799 635 864; x_wconf 89' lang='lat' dir='ltr'>liberi</span> <span class='ocrx_word' id='word_1_50' title='bbox 654 801 758 878; x_wconf 91' lang='lat' dir='ltr'>sunt,</span> <span class='ocrx_word' id='word_1_51' title='bbox 781 797 915 863; x_wconf 86' lang='lat' dir='ltr'>futura</span> <span class='ocrx_word' id='word_1_52' title='bbox 932 795 1193 880; x_wconf 88' lang='lat' dir='ltr'>prospiciunt.</span> <span class='ocrx_word' id='word_1_53' title='bbox 1259 829 1260 890; x_wconf 54' lang='lat' dir='ltr'>q</span> 
     </span>
     <span class='ocr_line' id='line_1_8' title="bbox 182 882 1193 972; baseline -0.006 -18"><span class='ocrx_word' id='word_1_54' title='bbox 182 882 243 954; x_wconf 81' lang='lat' dir='ltr'>Ex</span> <span class='ocrx_word' id='word_1_55' title='bbox 265 911 336 972; x_wconf 92' lang='lat' dir='ltr'>quo</span> <span class='ocrx_word' id='word_1_56' title='bbox 364 888 629 972; x_wconf 86' lang='lat' dir='ltr'>intellegitur,</span> <span class='ocrx_word' id='word_1_57' title='bbox 662 886 796 970; x_wconf 88' lang='lat' dir='ltr'>quales</span> <span class='ocrx_word' id='word_1_58' title='bbox 828 884 952 948; x_wconf 86' lang='lat' dir='ltr'>futuri</span> <span class='ocrx_word' id='word_1_59' title='bbox 980 883 1074 965; x_wconf 89' lang='lat' dir='ltr'>sint,</span> <span class='ocrx_word' id='word_1_60' title='bbox 1107 905 1193 948; x_wconf 87' lang='lat' dir='ltr'>eum</span> 
     </span>
     <span class='ocr_line' id='line_1_9' title="bbox 183 969 1194 1060; baseline -0.004 -20"><span class='ocrx_word' id='word_1_61' title='bbox 183 1000 224 1040; x_wconf 94' lang='lat' dir='ltr'>se</span> <span class='ocrx_word' id='word_1_62' title='bbox 242 977 355 1060; x_wconf 86' lang='lat' dir='ltr'>plane</span> <span class='ocrx_word' id='word_1_63' title='bbox 374 977 551 1059; x_wconf 88' lang='lat' dir='ltr'>corporis</span> <span class='ocrx_word' id='word_1_64' title='bbox 564 974 733 1039; x_wconf 90' lang='lat' dir='ltr'>vinculis</span> <span class='ocrx_word' id='word_1_65' title='bbox 751 973 1025 1037; x_wconf 75' lang='lat' dir='ltr'>relaxaverint.</span> <span class='ocrx_word' id='word_1_66' title='bbox 1049 969 1194 1055; x_wconf 80' lang='lat' dir='ltr'>Quare,</span> 
     </span>
     <span class='ocr_line' id='line_1_10' title="bbox 182 1058 1193 1147; baseline -0.005 -20"><span class='ocrx_word' id='word_1_67' title='bbox 182 1064 215 1127; x_wconf 85' lang='lat' dir='ltr'>si</span> <span class='ocrx_word' id='word_1_68' title='bbox 247 1064 338 1128; x_wconf 88' lang='lat' dir='ltr'>haec</span> <span class='ocrx_word' id='word_1_69' title='bbox 370 1063 426 1127; x_wconf 85' lang='lat' dir='ltr'>ita</span> <span class='ocrx_word' id='word_1_70' title='bbox 458 1066 558 1145; x_wconf 91' lang='lat' dir='ltr'>sunt,</span> <span class='ocrx_word' id='word_1_71' title='bbox 591 1062 645 1147; x_wconf 86' lang='lat' dir='ltr'>sie</span> <span class='ocrx_word' id='word_1_72' title='bbox 676 1082 733 1126; x_wconf 87' lang='lat' dir='ltr'>me</span> <span class='ocrx_word' id='word_1_73' title='bbox 760 1059 948 1142; x_wconf 88' lang='lat' dir='ltr'>colitote&#39;,</span> <span class='ocrx_word' id='word_1_74' title='bbox 978 1059 1102 1142; x_wconf 90' lang='lat' dir='ltr'>inquit,</span> <span class='ocrx_word' id='word_1_75' title='bbox 1136 1058 1193 1123; x_wconf 72' lang='lat' dir='ltr'>‘ut</span> 
     </span>
     <span class='ocr_line' id='line_1_11' title="bbox 183 1148 1228 1234; baseline -0.005 -19"><span class='ocrx_word' id='word_1_76' title='bbox 183 1152 303 1234; x_wconf 80' lang='lat' dir='ltr'>deum3</span> <span class='ocrx_word' id='word_1_77' title='bbox 326 1151 387 1215; x_wconf 89' lang='lat' dir='ltr'>sin</span> <span class='ocrx_word' id='word_1_78' title='bbox 408 1172 481 1215; x_wconf 88' lang='lat' dir='ltr'>una</span> <span class='ocrx_word' id='word_1_79' title='bbox 504 1154 564 1215; x_wconf 87' lang='lat' dir='ltr'>est</span> <span class='ocrx_word' id='word_1_80' title='bbox 585 1148 988 1234; x_wconf 80' lang='lat' dir='ltr'>interiturusanimus</span> <span class='ocrx_word' id='word_1_81' title='bbox 1007 1169 1092 1212; x_wconf 90' lang='lat' dir='ltr'>cum</span> <span class='ocrx_word' id='word_1_82' title='bbox 1112 1164 1228 1212; x_wconf 82' lang='lat' dir='ltr'>cor-1⁰</span> 
     </span>
     <span class='ocr_line' id='line_1_12' title="bbox 182 1234 1194 1323; baseline -0.003 -20"><span class='ocrx_word' id='word_1_83' title='bbox 182 1260 287 1323; x_wconf 89' lang='lat' dir='ltr'>pore,</span> <span class='ocrx_word' id='word_1_84' title='bbox 310 1261 376 1304; x_wconf 90' lang='lat' dir='ltr'>vos</span> <span class='ocrx_word' id='word_1_85' title='bbox 404 1242 532 1304; x_wconf 88' lang='lat' dir='ltr'>tamen</span> <span class='ocrx_word' id='word_1_86' title='bbox 559 1238 648 1304; x_wconf 90' lang='lat' dir='ltr'>deos</span> <span class='ocrx_word' id='word_1_87' title='bbox 676 1241 867 1319; x_wconf 78' lang='lat' dir='ltr'>verentes,</span> <span class='ocrx_word' id='word_1_88' title='bbox 900 1235 964 1320; x_wconf 89' lang='lat' dir='ltr'>qui</span> <span class='ocrx_word' id='word_1_89' title='bbox 990 1234 1089 1299; x_wconf 85' lang='lat' dir='ltr'>hane</span> <span class='ocrx_word' id='word_1_90' title='bbox 1119 1257 1194 1300; x_wconf 91' lang='lat' dir='ltr'>om·</span> 
     </span>
     <span class='ocr_line' id='line_1_13' title="bbox 182 1325 1195 1412; baseline -0.004 -22"><span class='ocrx_word' id='word_1_91' title='bbox 182 1349 266 1391; x_wconf 90' lang='lat' dir='ltr'>nem</span> <span class='ocrx_word' id='word_1_92' title='bbox 289 1326 618 1412; x_wconf 88' lang='lat' dir='ltr'>pulchritudinem</span> <span class='ocrx_word' id='word_1_93' title='bbox 641 1329 799 1390; x_wconf 88' lang='lat' dir='ltr'>tuentur</span> <span class='ocrx_word' id='word_1_94' title='bbox 823 1327 859 1388; x_wconf 90' lang='lat' dir='ltr'>et</span> <span class='ocrx_word' id='word_1_95' title='bbox 877 1325 1031 1407; x_wconf 82' lang='lat' dir='ltr'>regunt,</span> <span class='ocrx_word' id='word_1_96' title='bbox 1054 1343 1195 1387; x_wconf 92' lang='lat' dir='ltr'>memo·</span> 
     </span>
     <span class='ocr_line' id='line_1_14' title="bbox 182 1409 1194 1498; baseline 0 -20"><span class='ocrx_word' id='word_1_97' title='bbox 182 1415 280 1480; x_wconf 87' lang='lat' dir='ltr'>riam</span> <span class='ocrx_word' id='word_1_98' title='bbox 300 1415 429 1478; x_wconf 81' lang='lat' dir='ltr'>nostri</span> <span class='ocrx_word' id='word_1_99' title='bbox 450 1415 512 1498; x_wconf 92' lang='lat' dir='ltr'>pie</span> <span class='ocrx_word' id='word_1_100' title='bbox 529 1414 794 1496; x_wconf 78' lang='lat' dir='ltr'>inviolateque</span> <span class='ocrx_word' id='word_1_101' title='bbox 813 1409 1048 1476; x_wconf 68' lang='lat' dir='ltr'>servabitis?</span> <span class='ocrx_word' id='word_1_102' title='bbox 1088 1409 1194 1494; x_wconf 78' lang='lat' dir='ltr'>Cyrus</span> 
     </span>
     <span class='ocr_line' id='line_1_15' title="bbox 131 1499 1194 1613; baseline -0.005 -46"><span class='ocrx_word' id='word_1_103' title='bbox 131 1550 174 1613; x_wconf 71' lang='lat'>23</span> <span class='ocrx_word' id='word_1_104' title='bbox 184 1503 313 1586; x_wconf 90' lang='lat' dir='ltr'>quidem</span> <span class='ocrx_word' id='word_1_105' title='bbox 335 1502 415 1566; x_wconf 88' lang='lat' dir='ltr'>haec</span> <span class='ocrx_word' id='word_1_106' title='bbox 436 1501 591 1585; x_wconf 81' lang='lat' dir='ltr'>moriens3</span> <span class='ocrx_word' id='word_1_107' title='bbox 613 1523 683 1584; x_wconf 89' lang='lat' dir='ltr'>nos,</span> <span class='ocrx_word' id='word_1_108' title='bbox 701 1503 730 1565; x_wconf 87' lang='lat' dir='ltr'>si</span> <span class='ocrx_word' id='word_1_109' title='bbox 747 1501 863 1585; x_wconf 88' lang='lat' dir='ltr'>placet,</span> <span class='ocrx_word' id='word_1_110' title='bbox 879 1502 995 1563; x_wconf 88' lang='lat' dir='ltr'>nostra</span> <span class='ocrx_word' id='word_1_111' title='bbox 1012 1499 1194 1564; x_wconf 86' lang='lat' dir='ltr'>videamus.</span> 
     </span>
     <span class='ocr_line' id='line_1_16' title="bbox 131 1586 1229 1677; baseline -0.004 -23"><span class='ocrx_word' id='word_1_112' title='bbox 131 1628 164 1677; x_wconf 78' lang='lat'>82</span> <span class='ocrx_word' id='word_1_113' title='bbox 183 1589 288 1654; x_wconf 91' lang='lat' dir='ltr'>Nemo</span> <span class='ocrx_word' id='word_1_114' title='bbox 310 1610 466 1672; x_wconf 86' lang='lat' dir='ltr'>umquam</span> <span class='ocrx_word' id='word_1_115' title='bbox 487 1588 576 1672; x_wconf 91' lang='lat' dir='ltr'>mihi,</span> <span class='ocrx_word' id='word_1_116' title='bbox 604 1587 724 1673; x_wconf 82' lang='lat' dir='ltr'>Scipio,</span> <span class='ocrx_word' id='word_1_117' title='bbox 751 1586 958 1673; x_wconf 79' lang='lat' dir='ltr'>persuadebit</span> <span class='ocrx_word' id='word_1_118' title='bbox 981 1591 1038 1651; x_wconf 85' lang='lat' dir='ltr'>aut</span> <span class='ocrx_word' id='word_1_119' title='bbox 1062 1591 1229 1671; x_wconf 73' lang='lat' dir='ltr'>pstremo</span> 
     </span>
     <span class='ocr_line' id='line_1_17' title="bbox 183 1673 1195 1760; baseline -0.002 -20"><span class='ocrx_word' id='word_1_120' title='bbox 183 1682 277 1741; x_wconf 89' lang='lat' dir='ltr'>tuum</span> <span class='ocrx_word' id='word_1_121' title='bbox 299 1676 438 1741; x_wconf 89' lang='lat' dir='ltr'>Paulum</span> <span class='ocrx_word' id='word_1_122' title='bbox 461 1679 518 1740; x_wconf 87' lang='lat' dir='ltr'>aut</span> <span class='ocrx_word' id='word_1_123' title='bbox 540 1676 620 1760; x_wconf 84' lang='lat' dir='ltr'>duos</span> <span class='ocrx_word' id='word_1_124' title='bbox 649 1697 741 1759; x_wconf 89' lang='lat' dir='ltr'>avos,</span> <span class='ocrx_word' id='word_1_125' title='bbox 769 1675 907 1741; x_wconf 88' lang='lat' dir='ltr'>Paulum</span> <span class='ocrx_word' id='word_1_126' title='bbox 936 1678 969 1739; x_wconf 88' lang='lat' dir='ltr'>et</span> <span class='ocrx_word' id='word_1_127' title='bbox 991 1673 1195 1758; x_wconf 84' lang='lat' dir='ltr'>Africanum,</span> 
     </span>
     <span class='ocr_line' id='line_1_18' title="bbox 184 1763 1194 1848; baseline 0 -20"><span class='ocrx_word' id='word_1_128' title='bbox 184 1767 241 1828; x_wconf 89' lang='lat' dir='ltr'>aut</span> <span class='ocrx_word' id='word_1_129' title='bbox 259 1763 406 1828; x_wconf 86' lang='lat' dir='ltr'>Africani</span> <span class='ocrx_word' id='word_1_130' title='bbox 424 1768 551 1847; x_wconf 87' lang='lat' dir='ltr'>patrem</span> <span class='ocrx_word' id='word_1_131' title='bbox 570 1766 626 1828; x_wconf 89' lang='lat' dir='ltr'>aut</span> <span class='ocrx_word' id='word_1_132' title='bbox 644 1767 797 1848; x_wconf 86' lang='lat' dir='ltr'>patruum</span> <span class='ocrx_word' id='word_1_133' title='bbox 816 1767 873 1828; x_wconf 89' lang='lat' dir='ltr'>aut</span> <span class='ocrx_word' id='word_1_134' title='bbox 889 1763 1011 1826; x_wconf 91' lang='lat' dir='ltr'>multos</span> <span class='ocrx_word' id='word_1_135' title='bbox 1023 1766 1194 1847; x_wconf 88' lang='lat' dir='ltr'>praestan·</span> 
     </span>
     <span class='ocr_line' id='line_1_19' title="bbox 185 1852 1195 1936; baseline 0 -21"><span class='ocrx_word' id='word_1_136' title='bbox 185 1856 233 1916; x_wconf 90' lang='lat' dir='ltr'>tes</span> <span class='ocrx_word' id='word_1_137' title='bbox 256 1852 353 1935; x_wconf 92' lang='lat' dir='ltr'>viros,</span> <span class='ocrx_word' id='word_1_138' title='bbox 376 1873 457 1936; x_wconf 88' lang='lat' dir='ltr'>quos</span> <span class='ocrx_word' id='word_1_139' title='bbox 481 1873 668 1916; x_wconf 89' lang='lat' dir='ltr'>enumerare</span> <span class='ocrx_word' id='word_1_140' title='bbox 685 1873 751 1916; x_wconf 90' lang='lat' dir='ltr'>non</span> <span class='ocrx_word' id='word_1_141' title='bbox 774 1855 825 1916; x_wconf 90' lang='lat' dir='ltr'>est</span> <span class='ocrx_word' id='word_1_142' title='bbox 842 1871 985 1934; x_wconf 89' lang='lat' dir='ltr'>necesse,</span> <span class='ocrx_word' id='word_1_143' title='bbox 1007 1853 1105 1914; x_wconf 87' lang='lat' dir='ltr'>tanta</span> <span class='ocrx_word' id='word_1_144' title='bbox 1123 1871 1195 1915; x_wconf 90' lang='lat' dir='ltr'>esse</span> 
     </span>
     <span class='ocr_line' id='line_1_20' title="bbox 184 1936 1194 2024; baseline -0.003 -19"><span class='ocrx_word' id='word_1_145' title='bbox 184 1945 331 2023; x_wconf 89' lang='lat' dir='ltr'>conatos,</span> <span class='ocrx_word' id='word_1_146' title='bbox 364 1961 446 2023; x_wconf 87' lang='lat' dir='ltr'>quae</span> <span class='ocrx_word' id='word_1_147' title='bbox 470 1940 511 2004; x_wconf 91' lang='lat' dir='ltr'>ad</span> <span class='ocrx_word' id='word_1_148' title='bbox 537 1939 740 2024; x_wconf 84' lang='lat' dir='ltr'>posteritatis</span> <span class='ocrx_word' id='word_1_149' title='bbox 767 1939 958 2004; x_wconf 89' lang='lat' dir='ltr'>memoriam</span> <span class='ocrx_word' id='word_1_150' title='bbox 980 1936 1194 2022; x_wconf 80' lang='lat' dir='ltr'>pertinerent,</span> 
     </span>
     <span class='ocr_line' id='line_1_21' title="bbox 184 2025 1230 2112; baseline -0.003 -20"><span class='ocrx_word' id='word_1_151' title='bbox 184 2028 247 2092; x_wconf 87' lang='lat' dir='ltr'>nisi</span> <span class='ocrx_word' id='word_1_152' title='bbox 270 2029 378 2092; x_wconf 89' lang='lat' dir='ltr'>animo</span> <span class='ocrx_word' id='word_1_153' title='bbox 406 2032 573 2092; x_wconf 82' lang='lat' dir='ltr'>cernerent</span> <span class='ocrx_word' id='word_1_154' title='bbox 599 2027 824 2112; x_wconf 85' lang='lat' dir='ltr'>posteritatem</span> <span class='ocrx_word' id='word_1_155' title='bbox 846 2027 894 2091; x_wconf 84' lang='lat' dir='ltr'>ad</span> <span class='ocrx_word' id='word_1_156' title='bbox 918 2048 953 2090; x_wconf 92' lang='lat' dir='ltr'>se</span> <span class='ocrx_word' id='word_1_157' title='bbox 979 2025 1070 2110; x_wconf 89' lang='lat' dir='ltr'>ipsos</span> <span class='ocrx_word' id='word_1_158' title='bbox 1093 2026 1230 2110; x_wconf 76' lang='lat' dir='ltr'>perti-20</span> 
     </span>
     <span class='ocr_line' id='line_1_22' title="bbox 184 2113 1194 2202; baseline 0.001 -24"><span class='ocrx_word' id='word_1_159' title='bbox 184 2137 268 2179; x_wconf 90' lang='lat' dir='ltr'>nere.</span> <span class='ocrx_word' id='word_1_160' title='bbox 313 2116 367 2178; x_wconf 88' lang='lat' dir='ltr'>An</span> <span class='ocrx_word' id='word_1_161' title='bbox 389 2135 509 2197; x_wconf 75' lang='lat' dir='ltr'>censer,</span> <span class='ocrx_word' id='word_1_162' title='bbox 531 2118 569 2178; x_wconf 90' lang='lat' dir='ltr'>ut</span> <span class='ocrx_word' id='word_1_163' title='bbox 592 2114 630 2178; x_wconf 92' lang='lat' dir='ltr'>de</span> <span class='ocrx_word' id='word_1_164' title='bbox 653 2137 705 2179; x_wconf 90' lang='lat' dir='ltr'>me</span> <span class='ocrx_word' id='word_1_165' title='bbox 727 2116 797 2202; x_wconf 80' lang='lat' dir='ltr'>ipse</span> <span class='ocrx_word' id='word_1_166' title='bbox 821 2113 944 2197; x_wconf 88' lang='lat' dir='ltr'>aliquid</span> <span class='ocrx_word' id='word_1_167' title='bbox 967 2134 1057 2178; x_wconf 92' lang='lat' dir='ltr'>more</span> <span class='ocrx_word' id='word_1_168' title='bbox 1077 2134 1194 2179; x_wconf 90' lang='lat' dir='ltr'>senum</span> 
     </span>
     <span class='ocr_line' id='line_1_23' title="bbox 185 2201 1194 2285; baseline 0.003 -22"><span class='ocrx_word' id='word_1_169' title='bbox 185 2201 314 2285; x_wconf 84' lang='lat' dir='ltr'>glorier,</span> <span class='ocrx_word' id='word_1_170' title='bbox 337 2223 389 2264; x_wconf 89' lang='lat' dir='ltr'>me</span> <span class='ocrx_word' id='word_1_171' title='bbox 410 2205 522 2265; x_wconf 87' lang='lat' dir='ltr'>tantos</span> <span class='ocrx_word' id='word_1_172' title='bbox 546 2202 674 2267; x_wconf 88' lang='lat' dir='ltr'>labores</span> <span class='ocrx_word' id='word_1_173' title='bbox 692 2203 826 2267; x_wconf 86' lang='lat' dir='ltr'>diurnos</span> <span class='ocrx_word' id='word_1_174' title='bbox 843 2205 1084 2284; x_wconf 90' lang='lat' dir='ltr'>nocturnosque</span> <span class='ocrx_word' id='word_1_175' title='bbox 1104 2201 1194 2266; x_wconf 90' lang='lat' dir='ltr'>domi</span> 
     </span>
     <span class='ocr_line' id='line_1_24' title="bbox 184 2287 1193 2375; baseline 0.001 -23"><span class='ocrx_word' id='word_1_176' title='bbox 184 2287 383 2370; x_wconf 89' lang='lat' dir='ltr'>militiaeque</span> <span class='ocrx_word' id='word_1_177' title='bbox 407 2293 631 2372; x_wconf 85' lang='lat' dir='ltr'>suscepturum</span> <span class='ocrx_word' id='word_1_178' title='bbox 657 2291 772 2374; x_wconf 86' lang='lat' dir='ltr'>fuisse,</span> <span class='ocrx_word' id='word_1_179' title='bbox 800 2289 828 2354; x_wconf 89' lang='lat' dir='ltr'>si</span> <span class='ocrx_word' id='word_1_180' title='bbox 850 2290 952 2354; x_wconf 90' lang='lat' dir='ltr'>isdem</span> <span class='ocrx_word' id='word_1_181' title='bbox 978 2289 1099 2354; x_wconf 87' lang='lat' dir='ltr'>finibus</span> <span class='ocrx_word' id='word_1_182' title='bbox 1124 2290 1193 2375; x_wconf 78' lang='lat' dir='ltr'>glo·</span> 
     </span>
     <span class='ocr_line' id='line_1_25' title="bbox 184 2375 1193 2462; baseline 0.005 -23"><span class='ocrx_word' id='word_1_183' title='bbox 184 2376 267 2440; x_wconf 89' lang='lat' dir='ltr'>riam</span> <span class='ocrx_word' id='word_1_184' title='bbox 280 2395 395 2456; x_wconf 88' lang='lat' dir='ltr'>meam,</span> <span class='ocrx_word' id='word_1_185' title='bbox 416 2376 533 2458; x_wconf 90' lang='lat' dir='ltr'>quibus</span> <span class='ocrx_word' id='word_1_186' title='bbox 547 2377 658 2462; x_wconf 87' lang='lat' dir='ltr'>vitam,</span> <span class='ocrx_word' id='word_1_187' title='bbox 677 2399 782 2443; x_wconf 89' lang='lat' dir='ltr'>essem</span> <span class='ocrx_word' id='word_1_188' title='bbox 795 2379 1050 2443; x_wconf 82' lang='lat' dir='ltr'>terminaturus?</span> <span class='ocrx_word' id='word_1_189' title='bbox 1073 2375 1193 2444; x_wconf 89' lang='lat' dir='ltr'>Nonne</span> 
     </span>
     <span class='ocr_line' id='line_1_26' title="bbox 184 2463 1231 2549; baseline 0.002 -21"><span class='ocrx_word' id='word_1_190' title='bbox 184 2463 300 2528; x_wconf 90' lang='lat' dir='ltr'>melius</span> <span class='ocrx_word' id='word_1_191' title='bbox 325 2463 428 2526; x_wconf 90' lang='lat' dir='ltr'>multo</span> <span class='ocrx_word' id='word_1_192' title='bbox 450 2463 567 2528; x_wconf 84' lang='lat' dir='ltr'>fuisset</span> <span class='ocrx_word' id='word_1_193' title='bbox 585 2466 725 2530; x_wconf 87' lang='lat' dir='ltr'>otiosam</span> <span class='ocrx_word' id='word_1_194' title='bbox 744 2469 886 2532; x_wconf 86' lang='lat' dir='ltr'>aetatem</span> <span class='ocrx_word' id='word_1_195' title='bbox 904 2470 938 2529; x_wconf 90' lang='lat' dir='ltr'>et</span> <span class='ocrx_word' id='word_1_196' title='bbox 956 2465 1103 2549; x_wconf 88' lang='lat' dir='ltr'>quietam</span> <span class='ocrx_word' id='word_1_197' title='bbox 1122 2465 1192 2530; x_wconf 90' lang='lat' dir='ltr'>sine</span> <span class='ocrx_word' id='word_1_198' title='bbox 1206 2479 1231 2520; x_wconf 72' lang='lat'>2⁵</span> 
     </span>
     <span class='ocr_line' id='line_1_27' title="bbox 183 2550 1191 2619; baseline 0.004 -5"><span class='ocrx_word' id='word_1_199' title='bbox 183 2551 251 2615; x_wconf 90' lang='lat' dir='ltr'>ullo</span> <span class='ocrx_word' id='word_1_200' title='bbox 275 2553 332 2614; x_wconf 87' lang='lat' dir='ltr'>aut</span> <span class='ocrx_word' id='word_1_201' title='bbox 350 2551 461 2615; x_wconf 87' lang='lat' dir='ltr'>labore</span> <span class='ocrx_word' id='word_1_202' title='bbox 480 2556 538 2616; x_wconf 87' lang='lat' dir='ltr'>aut</span> <span class='ocrx_word' id='word_1_203' title='bbox 555 2554 761 2618; x_wconf 83' lang='lat' dir='ltr'>contentione</span> <span class='ocrx_word' id='word_1_204' title='bbox 779 2554 969 2619; x_wconf 83' lang='lat' dir='ltr'>traducere?</span> <span class='ocrx_word' id='word_1_205' title='bbox 1000 2550 1066 2618; x_wconf 83' lang='lat' dir='ltr'>Sed</span> <span class='ocrx_word' id='word_1_206' title='bbox 1081 2553 1191 2618; x_wconf 85' lang='lat' dir='ltr'>neseio</span> 
     </span>
     <span class='ocr_line' id='line_1_28' title="bbox 184 2638 1192 2726; baseline 0.003 -23"><span class='ocrx_word' id='word_1_207' title='bbox 184 2661 248 2723; x_wconf 93' lang='lat' dir='ltr'>quo</span> <span class='ocrx_word' id='word_1_208' title='bbox 271 2638 367 2704; x_wconf 92' lang='lat' dir='ltr'>modo</span> <span class='ocrx_word' id='word_1_209' title='bbox 391 2638 516 2704; x_wconf 89' lang='lat' dir='ltr'>animus</span> <span class='ocrx_word' id='word_1_210' title='bbox 540 2641 667 2726; x_wconf 86' lang='lat' dir='ltr'>erigens</span> <span class='ocrx_word' id='word_1_211' title='bbox 691 2661 725 2706; x_wconf 90' lang='lat' dir='ltr'>se</span> <span class='ocrx_word' id='word_1_212' title='bbox 747 2642 974 2726; x_wconf 87' lang='lat' dir='ltr'>posteritatem</span> <span class='ocrx_word' id='word_1_213' title='bbox 995 2641 1045 2705; x_wconf 88' lang='lat' dir='ltr'>ita</span> <span class='ocrx_word' id='word_1_214' title='bbox 1063 2661 1192 2725; x_wconf 84' lang='lat' dir='ltr'>semper</span> 
     </span>
     <span class='ocr_line' id='line_1_29' title="bbox 183 2728 1193 2812; baseline 0.002 -22"><span class='ocrx_word' id='word_1_215' title='bbox 183 2728 411 2811; x_wconf 88' lang='lat' dir='ltr'>prospiciebat,</span> <span class='ocrx_word' id='word_1_216' title='bbox 434 2728 536 2812; x_wconf 89' lang='lat' dir='ltr'>quasi,</span> <span class='ocrx_word' id='word_1_217' title='bbox 559 2750 632 2792; x_wconf 89' lang='lat' dir='ltr'>cum</span> <span class='ocrx_word' id='word_1_218' title='bbox 655 2729 845 2794; x_wconf 85' lang='lat' dir='ltr'>excessisset</span> <span class='ocrx_word' id='word_1_219' title='bbox 867 2751 885 2793; x_wconf 90' lang='lat' dir='ltr'>e</span> <span class='ocrx_word' id='word_1_220' title='bbox 907 2729 985 2812; x_wconf 87' lang='lat' dir='ltr'>vita,</span> <span class='ocrx_word' id='word_1_221' title='bbox 1009 2731 1081 2792; x_wconf 90' lang='lat' dir='ltr'>tum</span> <span class='ocrx_word' id='word_1_222' title='bbox 1105 2729 1193 2793; x_wconf 91' lang='lat' dir='ltr'>deni-</span> 
     </span>
     <span class='ocr_line' id='line_1_30' title="bbox 183 2815 1193 2901; baseline 0.003 -22"><span class='ocrx_word' id='word_1_223' title='bbox 183 2837 247 2896; x_wconf 89' lang='lat' dir='ltr'>que</span> <span class='ocrx_word' id='word_1_224' title='bbox 269 2816 411 2880; x_wconf 84' lang='lat' dir='ltr'>victurus</span> <span class='ocrx_word' id='word_1_225' title='bbox 435 2819 548 2898; x_wconf 85' lang='lat' dir='ltr'>esset.¹</span> <span class='ocrx_word' id='word_1_226' title='bbox 574 2815 667 2890; x_wconf 79' lang='lat' dir='ltr'>Quod</span> <span class='ocrx_word' id='word_1_227' title='bbox 695 2816 824 2901; x_wconf 88' lang='lat' dir='ltr'>quidem</span> <span class='ocrx_word' id='word_1_228' title='bbox 851 2817 886 2880; x_wconf 92' lang='lat' dir='ltr'>ni</span> <span class='ocrx_word' id='word_1_229' title='bbox 912 2816 960 2880; x_wconf 90' lang='lat' dir='ltr'>ita</span> <span class='ocrx_word' id='word_1_230' title='bbox 983 2836 1017 2880; x_wconf 89' lang='lat' dir='ltr'>se</span> <span class='ocrx_word' id='word_1_231' title='bbox 1045 2816 1193 2900; x_wconf 86' lang='lat' dir='ltr'>heberet,</span> 
     </span>
     <span class='ocr_line' id='line_1_31' title="bbox 184 2903 1233 2988; baseline 0.004 -24"><span class='ocrx_word' id='word_1_232' title='bbox 184 2905 221 2964; x_wconf 91' lang='lat' dir='ltr'>ut</span> <span class='ocrx_word' id='word_1_233' title='bbox 235 2903 335 2966; x_wconf 87' lang='lat' dir='ltr'>animi</span> <span class='ocrx_word' id='word_1_234' title='bbox 343 2903 534 2968; x_wconf 89' lang='lat' dir='ltr'>inmortales</span> <span class='ocrx_word' id='word_1_235' title='bbox 544 2907 661 2986; x_wconf 83' lang='lat' dir='ltr'>essent,</span> <span class='ocrx_word' id='word_1_236' title='bbox 675 2903 762 2969; x_wconf 89' lang='lat' dir='ltr'>haud</span> <span class='ocrx_word' id='word_1_237' title='bbox 772 2904 887 2988; x_wconf 88' lang='lat' dir='ltr'>optimi</span> <span class='ocrx_word' id='word_1_238' title='bbox 897 2904 1051 2986; x_wconf 89' lang='lat' dir='ltr'>cuiusque</span> <span class='ocrx_word' id='word_1_239' title='bbox 1064 2905 1193 2969; x_wconf 88' lang='lat' dir='ltr'>animus</span> <span class='ocrx_word' id='word_1_240' title='bbox 1206 2921 1233 2960; x_wconf 71' lang='lat'>³⁰</span> 
     </span>
     <span class='ocr_line' id='line_1_32' title="bbox 132 2988 1193 3078; baseline 0.001 -23"><span class='ocrx_word' id='word_1_241' title='bbox 132 3004 165 3055; x_wconf 83' lang='grc'>83</span> <span class='ocrx_word' id='word_1_242' title='bbox 185 2988 323 3054; x_wconf 86' lang='lat' dir='ltr'>maxime</span> <span class='ocrx_word' id='word_1_243' title='bbox 343 2990 383 3074; x_wconf 83' lang='lat' dir='ltr'>ad</span> <span class='ocrx_word' id='word_1_244' title='bbox 400 2991 672 3055; x_wconf 87' lang='lat' dir='ltr'>inmortalitatem</span> <span class='ocrx_word' id='word_1_245' title='bbox 691 2996 724 3058; x_wconf 90' lang='lat' dir='ltr'>et</span> <span class='ocrx_word' id='word_1_246' title='bbox 738 2993 878 3078; x_wconf 82' lang='lat' dir='ltr'>gloriam</span> <span class='ocrx_word' id='word_1_247' title='bbox 889 2992 1057 3076; x_wconf 86' lang='lat' dir='ltr'>niteretur.</span> <span class='ocrx_word' id='word_1_248' title='bbox 1086 2990 1193 3066; x_wconf 77' lang='lat' dir='ltr'>Quid?</span> 
     </span>
     <span class='ocr_line' id='line_1_33' title="bbox 185 3077 1195 3163; baseline 0.001 -21"><span class='ocrx_word' id='word_1_249' title='bbox 185 3077 271 3161; x_wconf 89' lang='lat' dir='ltr'>quod</span> <span class='ocrx_word' id='word_1_250' title='bbox 294 3078 554 3161; x_wconf 87' lang='lat' dir='ltr'>sapientissimus</span> <span class='ocrx_word' id='word_1_251' title='bbox 581 3079 715 3162; x_wconf 89' lang='lat' dir='ltr'>quisque</span> <span class='ocrx_word' id='word_1_252' title='bbox 745 3079 939 3163; x_wconf 89' lang='lat' dir='ltr'>aequissimo</span> <span class='ocrx_word' id='word_1_253' title='bbox 963 3079 1072 3146; x_wconf 84' lang='lat' dir='ltr'>animo</span> <span class='ocrx_word' id='word_1_254' title='bbox 1096 3079 1195 3144; x_wconf 92' lang='lat' dir='ltr'>mori-</span> 
     </span>
     <span class='ocr_line' id='line_1_34' title="bbox 183 3166 1194 3251; baseline 0.003 -23"><span class='ocrx_word' id='word_1_255' title='bbox 183 3169 251 3247; x_wconf 89' lang='lat' dir='ltr'>tur,</span> <span class='ocrx_word' id='word_1_256' title='bbox 279 3166 493 3248; x_wconf 84' lang='lat' dir='ltr'>stultissimus</span> <span class='ocrx_word' id='word_1_257' title='bbox 520 3167 738 3251; x_wconf 86' lang='lat' dir='ltr'>iniquissimo,</span> <span class='ocrx_word' id='word_1_258' title='bbox 765 3188 871 3232; x_wconf 91' lang='lat' dir='ltr'>nonne</span> <span class='ocrx_word' id='word_1_259' title='bbox 892 3167 986 3232; x_wconf 88' lang='lat' dir='ltr'>vobis</span> <span class='ocrx_word' id='word_1_260' title='bbox 1007 3166 1138 3232; x_wconf 89' lang='lat' dir='ltr'>videtur</span> <span class='ocrx_word' id='word_1_261' title='bbox 1165 3167 1194 3231; x_wconf 89' lang='lat' dir='ltr'>is</span> 
     </span>
     <span class='ocr_line' id='line_1_35' title="bbox 185 3252 1195 3340; baseline 0.005 -26"><span class='ocrx_word' id='word_1_262' title='bbox 185 3252 320 3336; x_wconf 87' lang='lat' dir='ltr'>animus,</span> <span class='ocrx_word' id='word_1_263' title='bbox 344 3254 398 3336; x_wconf 93' lang='lat' dir='ltr'>qui</span> <span class='ocrx_word' id='word_1_264' title='bbox 420 3254 494 3340; x_wconf 90' lang='lat' dir='ltr'>plus</span> <span class='ocrx_word' id='word_1_265' title='bbox 518 3259 629 3319; x_wconf 86' lang='lat' dir='ltr'>cernat</span> <span class='ocrx_word' id='word_1_266' title='bbox 652 3258 685 3320; x_wconf 89' lang='lat' dir='ltr'>et</span> <span class='ocrx_word' id='word_1_267' title='bbox 708 3255 851 3340; x_wconf 84' lang='lat' dir='ltr'>longius,</span> <span class='ocrx_word' id='word_1_268' title='bbox 873 3255 981 3320; x_wconf 85' lang='lat' dir='ltr'>videre</span> <span class='ocrx_word' id='word_1_269' title='bbox 1005 3275 1039 3318; x_wconf 88' lang='lat' dir='ltr'>se</span> <span class='ocrx_word' id='word_1_270' title='bbox 1064 3255 1106 3319; x_wconf 89' lang='lat' dir='ltr'>ad</span> <span class='ocrx_word' id='word_1_271' title='bbox 1129 3277 1195 3319; x_wconf 88' lang='lat' dir='ltr'>me·</span> 
     </span>
     <span class='ocr_line' id='line_1_36' title="bbox 184 3338 1233 3428; baseline 0.007 -29"><span class='ocrx_word' id='word_1_272' title='bbox 184 3338 268 3401; x_wconf 88' lang='lat' dir='ltr'>liora</span> <span class='ocrx_word' id='word_1_273' title='bbox 294 3341 467 3422; x_wconf 88' lang='lat' dir='ltr'>proficisci,</span> <span class='ocrx_word' id='word_1_274' title='bbox 498 3343 556 3407; x_wconf 93' lang='lat' dir='ltr'>ille</span> <span class='ocrx_word' id='word_1_275' title='bbox 579 3346 701 3426; x_wconf 88' lang='lat' dir='ltr'>autem,</span> <span class='ocrx_word' id='word_1_276' title='bbox 733 3343 823 3408; x_wconf 66' lang='lat' dir='ltr'>euius</span> <span class='ocrx_word' id='word_1_277' title='bbox 851 3343 1001 3426; x_wconf 86' lang='lat' dir='ltr'>obtusior-</span> <span class='ocrx_word' id='word_1_278' title='bbox 1025 3342 1070 3406; x_wconf 91' lang='lat' dir='ltr'>sit</span> <span class='ocrx_word' id='word_1_279' title='bbox 1097 3343 1195 3428; x_wconf 88' lang='lat' dir='ltr'>acies,</span> <span class='ocrx_word' id='word_1_280' title='bbox 1209 3357 1233 3399; x_wconf 79' lang='lat'>³⁵</span> 
     </span>
     <span class='ocr_line' id='line_1_37' title="bbox 182 3425 1195 3516; baseline 0.008 -29"><span class='ocrx_word' id='word_1_281' title='bbox 182 3444 250 3488; x_wconf 91' lang='lat' dir='ltr'>non</span> <span class='ocrx_word' id='word_1_282' title='bbox 281 3425 409 3491; x_wconf 78' lang='lat' dir='ltr'>videre?</span> <span class='ocrx_word' id='word_1_283' title='bbox 445 3428 606 3511; x_wconf 82' lang='lat' dir='ltr'>Equidem</span> <span class='ocrx_word' id='word_1_284' title='bbox 638 3431 754 3495; x_wconf 85' lang='lat' dir='ltr'>efferor</span> <span class='ocrx_word' id='word_1_285' title='bbox 785 3431 892 3495; x_wconf 89' lang='lat' dir='ltr'>studio</span> <span class='ocrx_word' id='word_1_286' title='bbox 919 3435 1030 3516; x_wconf 88' lang='lat' dir='ltr'>patres</span> <span class='ocrx_word' id='word_1_287' title='bbox 1053 3434 1195 3515; x_wconf 86' lang='lat' dir='ltr'>vestros,</span> 
     </span>
     <span class='ocr_line' id='line_1_38' title="bbox 183 3513 1195 3604; baseline 0.008 -30"><span class='ocrx_word' id='word_1_288' title='bbox 183 3531 266 3594; x_wconf 90' lang='lat' dir='ltr'>quos</span> <span class='ocrx_word' id='word_1_289' title='bbox 295 3513 379 3576; x_wconf 90' lang='lat' dir='ltr'>colui</span> <span class='ocrx_word' id='word_1_290' title='bbox 406 3518 440 3577; x_wconf 90' lang='lat' dir='ltr'>et</span> <span class='ocrx_word' id='word_1_291' title='bbox 467 3516 577 3601; x_wconf 87' lang='lat' dir='ltr'>dilexi,</span> <span class='ocrx_word' id='word_1_292' title='bbox 608 3517 751 3602; x_wconf 88' lang='lat' dir='ltr'>videndi,</span> <span class='ocrx_word' id='word_1_293' title='bbox 782 3537 989 3604; x_wconf 80' lang='lat' dir='ltr'>nequevero</span> <span class='ocrx_word' id='word_1_294' title='bbox 1017 3538 1072 3583; x_wconf 88' lang='lat' dir='ltr'>eos</span> <span class='ocrx_word' id='word_1_295' title='bbox 1102 3518 1195 3584; x_wconf 86' lang='lat' dir='ltr'>solos</span> 
     </span>
    </p>
   </div>
   <div class='ocr_carea' id='block_1_4' title="bbox 0 0 1294 3950">
    <p class='ocr_par' dir='ltr' id='par_1_5' title="bbox 0 0 1294 3950">
     <span class='ocr_line' id='line_1_39' title="bbox 0 0 1294 3950; baseline 0 0"><span class='ocrx_word' id='word_1_296' title='bbox 0 0 1294 3950; x_wconf 95' lang='lat' dir='ltr'> </span> 
     </span>
    </p>
   </div>
  </div>
 </body>
</html>
