2570 3944
412 171 623 229 PHILOSOPH.
642 172 671 226 F.
690 172 716 226 v
733 179 845 228 42-59.
1070 173 1134 238 319

128 355 210 398 rum.
243 331 318 398 Una
340 333 442 419 igitur
464 355 606 399 essemus
630 334 719 400 beati
742 334 926 421 cognitione
944 339 1080 400 naturae
1103 340 1136 401 et

129 421 281 505 scientia,
314 442 377 505 qua
407 421 478 486 sola
505 422 604 488 etiam
632 422 763 488 deorum
792 426 842 487 est
869 423 939 488 vita
966 423 1135 489 laudanda.

128 507 178 574 Ex
202 531 265 592 quo
288 509 437 595 intellegi
455 514 565 593 potest
584 514 690 575 cetera
708 510 911 576 necessitatis
934 532 1013 596 esse,
1036 533 1135 578 unum

130 598 192 663 hoe
209 597 396 663 voluntatis.
427 597 481 662 Ita
498 598 551 665 ille
570 603 675 664 tantas
697 604 801 664 orator
823 619 892 664 mm
908 598 1136 682 philosophiam

101 700 115 742 ⁵
123 687 318 768 praedicaret
339 685 469 752 recolens
490 705 539 771 ea,
565 707 643 769 quac
664 707 685 751 a
702 685 893 770 philosophos
914 693 1080 771 acepaat,
1109 694 1138 754 et

122 774 284 857 praecare
300 793 338 862 ac
354 775 488 840 suaviter
505 775 669 858 ereptiones,
687 775 723 840 in
739 773 797 840 hoc
815 781 934 840 motum
952 778 1025 861 cilo,
1043 797 1137 859 quom

128 863 264 928 videm
286 864 443 927 caumate
469 868 498 926 et
522 863 675 928 mathus
696 863 837 947 plenam,
864 883 968 931 omnes
993 870 1137 947 quotuor

128 951 315 1016 mcessarias
336 951 418 1016 dicit
438 970 499 1016 esse
520 952 654 1017 cirtam.

197 1038 248 1104 51.
271 1039 353 1104 Noa.
370 1060 403 1121 p.
422 1042 496 1104 254.
513 1041 533 1103 5
552 1039 599 1104 Μ.
620 1039 742 1106 Petilius
763 1041 799 1105 in
817 1039 1001 1106 Hortensio:
1024 1040 1137 1106 deinde

88 1142 116 1182 ιο
131 1126 221 1279 θοιῧι
237 1147 342 1191 mores
371 1130 405 1191 et
432 1127 643 1192 modestiores
669 1131 702 1191 et
725 1126 766 1191 ad
788 1127 943 1212 capienda
965 1133 1137 1215 praecepta

131 1235 184 1280 mo
212 1235 306 1280 iores.

198 1303 249 1368 52.
268 1303 350 1369 Noa.
362 1323 397 1386 p.
415 1306 488 1368 235.
505 1308 548 1369 18
564 1303 611 1368 Μ
632 1303 755 1369 Tullius
774 1304 809 1368 in
826 1303 1009 1370 Hortensio:
1033 1306 1137 1370 altera

132 1396 182 1457 est
203 1413 287 1456 nexa
313 1412 386 1457 cum
413 1391 577 1475 superiore
605 1394 637 1454 et
664 1390 738 1455 inde
765 1395 844 1477 apta
867 1395 964 1475 atque
986 1392 1137 1477 pendens,

198 1480 249 1544 53.
272 1478 354 1545 Noa.
371 1501 405 1561 p.
428 1482 502 1544 402.
524 1483 564 1543 15
582 1479 630 1544 Μ
650 1478 773 1546 Tattius
794 1480 830 1544 in
848 1479 1033 1545 Hortensio:
1056 1481 1137 1546 caeli

90 1590 116 1631 rs
132 1567 298 1720 sppnprpm
326 1566 551 1666 admirabilem
573 1566 724 1719 tortdinem
753 1567 1036 1652 insatiabilemque
1069 1569 1138 1654 pul-

132 1678 149 1722 a
172 1677 237 1719 r1u
260 1675 346 1719 inem
369 1675 473 1719 macris
498 1675 513 1718 s
537 1675 632 1719 eea.

170 1771 172 1782 ·
198 1741 249 1808 54.
267 1707 491 1826 Aperopia
512 1678 593 1844 {ivit
614 1744 663 1808 dci
680 1742 800 1844 11135
822 1741 865 1809 In
883 1743 1051 1846 nodoso
1072 1745 1138 1809 dia·

131 1829 459 2000 lllllt'tsll
476 1831 608 2002 toll?
627 1850 784 1982 till?
801 1830 1138 2003 ldtd‘ltlllss:

89 2029 117 2070 ro
131 2007 237 2158 pittin
263 2007 398 2072 interitu
423 2006 569 2091 Romuli,
595 2005 619 2089 t
645 2005 700 2090 qui
728 2005 954 2071 obscuratione
982 2008 1061 2071 solis
1089 2013 1139 2072 est

146 2116 182 2159 ac
199 2116 246 2159 us.
366 2121 387 2142 x

72 2233 78 2244 .
198 2182 250 2248 55.
273 2183 355 2248 Noa.
372 2187 496 2266 p.329.
513 2187 555 2249 19
577 2182 625 2248 Μ.
650 2182 772 2250 Tollius
793 2183 829 2248 in
850 2182 1033 2250 Horlcresio:
1056 2183 1138 2250 Tum

12 2303 13 2355 p
131 2270 371 2423 pslslerpdomepon
403 2274 436 2335 et
471 2271 606 2335 soritam
639 2274 672 2334 et
706 2274 812 2336 totam
848 2270 1050 2337 dialecticam
1083 2277 1139 2337 aut

135 2383 146 2422 1
174 2383 195 2424 u
218 2381 246 2423 is
270 2381 311 2424 au
348 2379 503 2443 1ncrepas.

93 2468 119 2508 es
200 2448 252 2513 56.
275 2447 357 2512 Non.
374 2467 408 2530 p.
425 2451 498 2512 364.
516 2449 563 2512 22
584 2447 632 2511 Μ.
653 2446 775 2512 Tollius
796 2448 833 2510 in
854 2447 1037 2513 Ηονίεηεὲοι
1060 2445 1139 2522 Quis

133 2540 166 2600 te
190 2538 399 2601 antestant
424 2532 488 2598 fuit
515 2553 668 2616 umquam
695 2533 730 2597 in
757 2533 938 2618 partiundis
967 2535 1078 2620 rebus,
1105 2535 1139 2599 in

134 2622 335 2706 definiendis,
357 2622 391 2686 in
415 2621 611 2706 explicandis
635 2619 800 2704 pressior?

200 2711 251 2776 57.
274 2711 356 2776 Noa.
372 2732 407 2793 p.
424 2715 499 2776 270.
516 2712 561 2774 26
582 2709 630 2774 Μ.
651 2709 773 2774 Tollius
794 2709 829 2773 in
847 2708 1030 2774 Hortensio:
1053 2707 1138 2774 Nam

135 2799 220 2883 quod
242 2798 377 2881 vereris,
399 2819 440 2862 ne
462 2818 529 2861 non
551 2796 722 2863 conveniat
743 2797 866 2861 nostris
889 2797 1052 2861 aetatibus
1074 2797 1140 2862 ists

95 2904 121 2946 sc
135 2886 255 2969 oratio,
278 2906 359 2969 quae
383 2889 508 2970 spectet
531 2885 571 2950 ad
594 2884 800 2950 hortandum.

200 2974 257 3048 58„
274 2973 356 3039 Non.
374 2995 407 3056 p.
429 2978 503 3040 271.
525 2978 568 3039 30
589 2975 638 3039 Μ
662 2973 785 3039 Tollius
806 2974 841 3038 io
862 2971 1044 3038 Hatensio:
1072 2971 1140 3037 Aut

133 3062 195 3127 tibi
209 3062 242 3126 id
256 3062 362 3146 ipsum
376 3060 623 3147 pervertendum
638 3060 709 3145 fuit,
724 3060 810 3145 quod
823 3064 860 3125 tu
868 3082 910 3124 ne
920 3059 1063 3145 attigisti
1073 3059 1140 3144 qui·

133 3150 216 3234 dem,
234 3153 292 3215 aut
311 3150 378 3215 eius
397 3152 507 3235 partes
526 3150 619 3233 quasi
637 3149 783 3214 membra
797 3148 955 3232 quaedam
971 3146 1140 3213 caedenda.

200 3239 252 3304 59.
275 3238 358 3303 Non.
375 3258 409 3320 p.
431 3241 501 3303 193.
520 3244 540 3303 9
563 3237 611 3302 Μ
631 3237 754 3303 Tullius
775 3238 811 3302 in
828 3237 1010 3302 Hortensio:
1034 3235 1140 3312 Quid‘?

94 3343 120 3384 ³5
133 3331 178 3411 tu,
197 3327 340 3412 inquam,
359 3326 453 3410 soles,
472 3347 544 3390 cum
563 3325 723 3390 rationem
742 3347 761 3390 a
776 3325 998 3410 dispensatore
1012 3323 1112 3410 accip'

134 3415 161 3479 si
185 3436 262 3480 aera
285 3414 415 3501 singula
437 3413 599 3499 probasti,
627 3435 799 3498 summam,
827 3435 908 3498 quae
932 3435 971 3478 ex
993 3413 1044 3478 his
1069 3434 1095 3478 c<

132 3502 219 3568 fecta
242 3503 299 3587 sit,
321 3523 387 3568 non
410 3502 573 3588 probare?

16 3661 18 3748 l
