2504 3950
373 168 441 223 um.
460 169 507 224 111.
544 169 621 226 ene.
642 177 671 241 1,
688 177 713 226 r.
750 177 862 266 515⁷.
1092 174 1133 238 91

118 351 209 412 nus,
238 333 277 395 ut
304 329 504 416 cogitatione
531 329 633 397 taeita
654 354 677 398 a
697 332 873 398 solitudine
896 334 1135 419 abstrahemur,

120 417 164 482 ad
191 416 277 484 hene
304 417 466 484 scribendi
497 439 630 504 operam
659 441 754 486 omne
786 421 930 488 studium
961 443 1134 506 auramque

119 506 352 572 eonvertimus.
383 505 499 590 Itaque
516 507 613 591 plura
631 507 724 573 brevi
740 511 887 593 tempore
906 531 1020 576 eversa
1035 532 1134 594 quam

119 593 238 658 multis
260 593 356 658 aunis
379 597 488 659 stante
510 616 545 660 ne
567 594 700 678 publius
722 595 943 679 soripsimuss
1053 657 1056 666 ,

95 699 108 739 ⁵
189 678 254 746 Sed
275 703 350 747 eum
372 685 444 746 teta
465 681 684 768 philosophia,
707 683 753 748 mi
773 682 897 767 Cieero,
918 684 1077 769 &amima
1099 654 1168 780 et}

119 767 291 834 fruetmse
316 790 376 834 nee
401 769 472 834 ulla
497 789 574 854 pers
605 770 674 835 eius
705 770 830 836 insulta
859 793 896 856 ae
924 771 1053 838 deserta
1080 773 1133 856 sit,

120 861 193 922 tum
215 857 328 922 nullus
349 857 488 922 feraeior
509 857 546 922 in
567 879 606 922 sa
626 859 718 923 boens
740 863 792 924 est
808 859 1017 924 neeuborior
1035 881 1133 944 quam

120 945 161 1010 de
192 944 325 1022 officiis,
356 967 379 1010 a
408 945 524 1029 quibus
555 949 744 1012 oemtanter
773 947 974 1032 honesteque
1003 948 1134 1014 vivendi

120 1036 299 1118 praecepta
330 1031 498 1098 ducuntur.
543 1031 663 1112 uiuo,
691 1055 892 1118 quamquam
923 1057 944 1101 a
974 1033 1133 1121 Cratippo

83 1124 247 1203 unestro,
269 1119 414 1204 principe
436 1120 533 1186 buius
556 1122 731 1187 memorias
747 1121 1030 1208 philosophorum,
1052 1123 1133 1188 baec

120 1212 155 1274 te
180 1207 310 1274 assidue
334 1207 444 1274 audire
468 1212 566 1292 atque
589 1209 733 1293 aooipere
753 1210 896 1293 confide,
922 1215 1034 1276 tamon
1059 1233 1133 1276 een

121 1296 239 1360 dneere
264 1295 409 1360 arbitror
438 1295 560 1362 talibus
593 1301 795 1369 antemnas
826 1295 961 1363 sedibus
991 1298 1132 1382 undique

120 1383 369 1460 eirunmsonare‚
390 1405 450 1450 neo
473 1405 542 1466 eas,
564 1385 593 1450 si
614 1385 686 1450 fieri
707 1385 826 1470 pessit,
849 1385 1022 1469 quiequam
1044 1386 1134 1451 eliud

120 1471 243 1539 audire.
280 1469 373 1547 Quod
395 1493 468 1538 oum
490 1473 640 1538 omnibus
663 1476 714 1538 est
733 1472 927 1557 ‘fumandum
951 1474 1007 1557 qui
1029 1473 1168 1540 vitame

83 1559 296 1626 sthenestam
318 1559 446 1646 ingredi
468 1560 630 1646 cogitant,
653 1565 724 1626 tum
746 1559 834 1626 baud
855 1561 922 1626 seio
946 1582 990 1626 an
1010 1561 1133 1626 nemini

120 1647 452 1732 potiusquamtib13
485 1647 625 1714 sustines
653 1649 739 1714 onim
765 1670 833 1714 uon
860 1671 997 1734 parvam
1020 1671 1132 1734 expue-

119 1735 283 1802 tationem
309 1735 485 1800 imitandae
512 1735 691 1801 industriae
717 1741 862 1820 nostrae,
894 1757 1049 1823 magnam
1077 1737 1133 1803 ho

119 1843 249 1906 norum,
270 1843 337 1888 nen
358 1823 485 1888 nullam
506 1823 647 1889 fortasse
668 1823 818 1889 nominis.
854 1822 1033 1909 Susuepisti
1051 1846 1132 1890 enus

119 1914 293 1997 praeterea
320 1929 420 1996 grave
447 1915 481 1976 et
505 1911 710 1977 Athenarum
737 1915 771 1976 et
791 1909 956 1997 Cratippi3
983 1911 1024 1976 ad
1051 1933 1132 1995 quos

82 2017 108 2056 ὀ
121 2021 197 2066 eum
230 2002 398 2082 tamquam
431 1999 473 2065 ad
502 2003 718 2066 mercaturam
749 1999 908 2065 bonarum
940 1998 1060 2064 artium
1085 2000 1132 2064 sis

120 2086 303 2172 protentus,
329 2087 459 2152 inanem
485 2087 589 2153 redire
615 2087 842 2172 turpissimum
866 2090 919 2152 est
942 2086 1132 2153 dedeeoran-

121 2180 190 2240 tem
214 2178 247 2242 et
270 2175 360 2240 urbis
383 2176 613 2241 austeritatem
635 2179 669 2241 et
690 2175 851 2262 magistri.
895 2173 1011 2253 Quare,
1035 2197 1133 2260 quau·

120 2267 195 2330 tum
219 2262 320 2330 ueniti
342 2263 450 2330 auimo
470 2267 579 2348 petes,
606 2267 765 2347 quantum
791 2263 904 2328 labere
930 2264 1133 2347 eontendere,
1210 2265 1212 2270 ’

120 2351 152 2418 si
177 2349 323 2418 distendi
349 2351 444 2417 labor
470 2355 521 2416 est
547 2351 658 2436 petius
685 2373 784 2436 quam
808 2352 976 2436 voluptas,
1002 2355 1132 2417 tantum

82 2438 176 2506 afro
197 2441 236 2506 ut
258 2437 380 2506 efficies
402 2460 484 2504 neve
505 2439 702 2522 committas,
724 2444 769 2523 ut,
791 2460 865 2504 eum
887 2439 997 2506 omnia
1019 2459 1133 2524 suppa

121 2527 230 2594 ditata
258 2526 371 2592 sinte
398 2525 508 2609 nobis,
534 2530 605 2592 tute
630 2526 694 2592 tibi
720 2526 860 2594 defuisse
887 2526 1024 2594 videare.
1069 2524 1133 2592 Sed

121 2615 204 2683 haee
231 2614 402 2697 haetenus3
432 2615 538 2682 multa
566 2615 656 2681 enim
687 2636 784 2699 saepe
811 2614 854 2680 ad
878 2618 914 2680 te
939 2613 1133 2680 cohortandi

122 2701 234 2789 gratia
260 2702 463 2788 scripsimus3
494 2724 579 2769 nune
605 2703 647 2769 ad
675 2703 835 2786 reliquam
862 2705 990 2786 partem
1015 2722 1132 2786 prope

122 2790 209 2858 sitae
232 2789 400 2856 divisionis
422 2795 633 2856 revertamur.

83 2895 109 2936 ³⁰
189 2876 365 2944 Panaetius
392 2877 507 2963 igitur,
535 2879 591 2962 qui
618 2879 688 2944 sine
710 2877 931 2944 controversia
953 2876 993 2942 de
1016 2876 1131 2943 officiis
1151 2894 1166 2943 τ

121 2965 367 3032 accuratissime
381 2965 569 3050 disputavit,
587 2988 745 3050 quemque
760 2987 821 3032 nos
840 2965 1038 3032 correctione
1057 2988 1133 3050 que·

122 3055 200 3122 dam
223 3053 371 3120 adhibita
393 3053 599 3138 potissimum
620 3049 725 3138 sebuti
740 3075 863 3136 sumus,
885 3053 990 3118 tribus
1007 3054 1133 3138 generi-

121 3142 185 3210 bus
204 3141 392 3226 prepositis,
413 3141 449 3208 in
467 3141 584 3225 quibus
598 3141 777 3208 deliberare
791 3140 938 3208 homines
957 3144 990 3204 et
1005 3141 1132 3205 musul-

122 3233 196 3298 tare
210 3229 250 3296 de
259 3229 367 3296 officio
375 3229 527 3312 solerent,
540 3250 615 3313 uno,
629 3251 702 3296 omn
711 3228 906 3310 dubitarent,
920 3227 1133 3294 honestumne

86 3317 157 3384 uid
184 3322 281 3395 esset,
303 3316 344 3383 de
366 3337 430 3400 quo
457 3321 622 3402 ageretur,
654 3339 697 3382 au
723 3321 831 3401 turpe,
863 3315 981 3400 altere,
1011 3316 1133 3381 utilene

124 3409 212 3472 esset
240 3427 284 3472 an
310 3404 439 3488 inutile,
465 3405 579 3484 tertio,
602 3405 631 3469 si
651 3404 699 3488 id,
727 3403 813 3488 quod
836 3403 975 3488 speeiem
997 3403 1133 3468 baberet

123 3493 268 3577 bonesti,
294 3496 458 3578 pugnaret
478 3513 551 3559 eum
573 3513 625 3570 eo,
653 3491 740 3578 quod
761 3491 842 3556 utile
864 3490 1040 3572 videretur,
1068 3509 1131 3573 quo
