2570 3944
366 179 630 238 EPISTULARUM.
650 181 737 238 uix
756 182 855 238 3-Xl
875 191 899 240 6.
1070 184 1135 251 303

124 341 251 420 ualebat,
274 345 375 408 tamen
393 342 619 424 adsequebatur,
641 344 723 426 quael
735 343 893 426 probaret;
916 345 1029 411 multae
1046 350 1135 412 eraut

125 435 156 497 et
171 430 342 497 reconditae
359 431 485 508 litterae,
506 431 553 496 uis
569 449 633 497 ucu
655 435 736 509 erat;
760 433 803 498 aet
823 451 891 497 cam
912 434 1009 516 ipitur
1026 433 1134 500 adber-

126 517 224 586 tabar.
256 517 301 584 Iu
317 519 476 586 excitando
492 522 595 584 autem
611 523 641 584 et
657 521 692 584 iu
710 521 843 586 acuenda
855 520 1030 603 plurimum
1048 523 1135 607 calet,

125 607 156 676 ci
178 607 283 672 laudes
304 625 387 691 eum,
408 627 497 690 quem
518 606 676 672 ccbartere.

99 716 113 754 c
194 695 225 760 3.
246 694 371 762 Nauius
386 715 421 778 p.
443 698 515 762 469.
532 700 574 760 10
596 693 699 762 Oicera
720 696 764 760 ael
785 693 930 763 Caluum:
952 695 1136 764 Praesentit

127 783 254 850 unimus
287 787 320 850 et
352 786 491 870 auguret
523 782 662 866 quodum
694 782 802 866 modo,
835 803 917 867 quae
947 783 1060 852 lutura
1091 785 1137 852 eit

128 870 283 940 suavitas.

304 1085 354 1145 xi.
387 1084 443 1144 Au
466 1083 501 1154 u.
521 1084 652 1144 uxum
675 1085 729 1158 (r.
745 1105 780 1162 p.
803 1088 872 1147 301.
894 1088 959 1162 21).

198 1212 310 1279 1.1ut.
339 1212 509 1278 Vtamur
524 1233 559 1295 p.
581 1215 655 1279 448.
678 1217 698 1278 1
719 1211 828 1279 Halm.
860 1214 904 1279 Iu
923 1214 1138 1294 familiaribus

86 1321 115 1362 ιο
130 1303 244 1368 litteris-
257 1301 360 1384 priato
382 1300 513 1366 breuitae
534 1300 736 1378 observaverim·
763 1302 905 1383 ipsarum
930 1323 1046 1386 quaque
1071 1323 1136 1370 sen·

129 1391 297 1456 teutiarum
318 1408 356 1454 ue
375 1388 431 1453 diu
448 1388 691 1472 circumferatur,
712 1391 794 1470 quod
810 1387 886 1456 cau
903 1391 957 1472 ait,
980 1389 1137 1475 ‘ambitic',

128 1477 182 1545 secl
193 1479 240 1544 ita
252 1477 436 1558 recitaretur,
453 1481 490 1542 ut
505 1496 675 1559 numquam
692 1477 774 1542 uerbi
790 1477 911 1559 aliquid
926 1479 1024 1546 deesse
1037 1480 1138 1546 videa-

130 1571 190 1632 tur.
240 1563 344 1632 Unum
371 1562 436 1630 ‘te’
463 1565 588 1647 scilicet,
614 1565 695 1654 quod
720 1565 924 1648 mtelleymtia
949 1567 1136 1649 suppleatur,

129 1655 165 1720 iu
187 1653 320 1738 epietclis
344 1653 500 1720 Tullianis
521 1654 565 1718 cd
580 1652 720 1718 Attr'cum
741 1658 770 1718 ct
789 1653 911 1720 Auium
930 1654 1138 1737 frequentiesi·

90 1759 117 1801 1⁵
130 1762 217 1808 mum
239 1746 290 1807 cst.

370 1869 373 1876 .
524 1823 573 1880 Ex
590 1823 700 1880 LIBRO
719 1826 739 1880 l.

197 1926 228 1992 2.
250 1924 431 1992 Armiamce
452 1924 588 1990 Messius
604 1945 638 2007 p.
661 1927 728 1990 212
749 1923 842 1990 Ilua
874 1926 954 1990 Acte
974 1925 1017 1990 cd
1037 1926 1137 1992 illum.

131 2014 235 2084 cicero
256 2015 300 2080 aa
319 2013 461 2079 Auuium
483 2013 533 2078 lib.
555 2011 594 2078 I:
617 2012 658 2076 ad
680 2011 723 2078 M.
745 2009 900 2078 Bibulum
923 2012 1078 2078 adierunt.

199 2102 229 2168 3.
244 2101 333 2168 Idem
344 2122 379 2184 p.
392 2105 457 2166 213
468 2101 590 2166 Adiuta
606 2099 661 2166 bac
678 2100 755 2165 illos.
770 2098 873 2167 Gicero
890 2101 933 2167 ad
944 2100 1086 2168 Aucium
1099 2101 1124 2166 I
1124 2123 1137 2165 .·

90 2209 118 2250 eo
132 2192 161 2257 ei
183 2193 220 2256 tu
242 2210 302 2254 nos
325 2188 448 2273 aliquid
471 2188 617 2253 adiutare
640 2192 743 2273 potes.

519 2341 568 2397 EX
586 2341 695 2398 LIBRO
712 2341 747 2396 11.

197 2445 229 2510 4.
247 2444 330 2510 Nou.
346 2463 380 2526 p.
398 2445 469 2509 509.
487 2447 528 2508 19
546 2442 594 2508 M.
610 2442 732 2508 Tuum
750 2477 790 2490 -
810 2443 854 2508 acl
869 2442 990 2508 Auium
1010 2441 1060 2509 lib.
1077 2443 1137 2508 11.-

131 2533 258 2598 Invitus
286 2532 413 2597 litteras
440 2533 514 2595 tuae
545 2529 735 2612 scinderem
767 2529 815 2594 ita
846 2535 922 2596 sunt
953 2529 1139 2598 humaniter

91 2717 118 2760 u
134 2625 282 2706 sumptae.
453 2701 503 2756 ux
520 2700 629 2756 uuum
647 2698 815 2755 mouere.

199 2804 229 2870 5.
255 2803 378 2870 Suetcu.
404 2803 464 2868 elic.
487 2801 550 2867 Iul.
573 2807 594 2869 9
620 2799 670 2866 De
696 2799 753 2864 ltac
778 2797 1018 2883 (coniuratione)
1044 2801 1138 2883 sipul-

132 2893 225 2975 fieare
249 2893 369 2958 uidetur
394 2897 424 2956 et
445 2888 549 2956 Cicero
575 2889 610 2954 iu
635 2888 771 2970 preadam
796 2887 841 2951 ad
860 2885 982 2952 Auium
1008 2889 1139 2971 epistula

131 2981 265 3062 referem
286 2978 447 3046 Caesarem
471 2979 506 3044 iu
531 2977 691 3044 crumlatu
717 2975 911 3056 confirmasse
937 2995 1076 3060 repumu,
1103 2977 1140 3041 dc

131 3088 191 3152 quc
213 3068 322 3134 aedilis
343 3068 500 3150 copitarat.

92 3176 119 3216 rc
199 3156 229 3222 6.
243 3154 356 3224 Seneca
373 3156 410 3222 de
424 3154 501 3220 brer.
518 3153 570 3218 rit.
584 3154 612 3217 5.
625 3154 649 3217 2
663 3150 764 3231 Quam
777 3149 889 3232 tlcbrlm
901 3169 983 3216 coece
996 3151 1141 3233 exprimit

132 3242 267 3329 (Oicero)
287 3244 324 3310 iu
349 3244 486 3326 quadam
511 3241 555 3305 ael
574 3239 694 3304 Auuu
716 3239 847 3321 eputula
868 3238 934 3303 iam
954 3240 1032 3304 uicto
1048 3243 1144 3321 patre

133 3332 286 3416 Pcnmeic,
307 3331 408 3398 aelltuc
423 3329 490 3414 filio
506 3329 543 3394 iu
559 3326 721 3410 Hiepauia
741 3326 844 3408 fracta
863 3346 954 3392 amm
975 3326 1120 3408 referente

133 3419 217 3495 Quid
240 3440 346 3506 egum,
368 3419 478 3502 iuquit,
502 3414 564 3499 hic,
587 3414 724 3499 quaeris.
767 3413 879 3480 Moror
900 3413 936 3480 iu
957 3413 1120 3482 Tusculum

135 3530 205 3582 meo
229 3508 402 3574 semiliber.

531 3630 740 3639 ———-—-—
