2578 3950
140 172 207 238 210
544 169 746 224 PARADOXA

141 332 279 400 servitus
298 335 358 413 est,
380 331 408 396 si
426 331 506 397 haec
524 331 661 395 libertas
680 329 859 396 existimari
879 329 1012 416 potest?
1043 328 1150 406 Quid?

141 443 213 486 cum
240 418 427 505 cupiditatis
453 418 638 484 dominatus
666 418 803 483 excessit
831 421 866 482 et
897 418 981 484 alius
1013 422 1064 483 est
1095 419 1150 484 do

141 510 248 574 minus
265 510 397 574 exortus
415 527 454 572 ex
472 506 669 572 conscientia
686 510 902 590 peccatorum,
925 506 1033 590 timor,
1052 529 1150 590 quam

141 601 192 662 eat
214 596 274 662 illa
295 596 427 677 misera,
454 616 552 679 quam
575 595 656 658 dura
678 594 832 658 servitus!
877 593 1149 660 Adulescentibus

141 685 239 770 paulo
267 682 506 768 loquacioribus
534 685 585 746 est
612 681 829 763 serviendum,
856 703 982 765 omnes,
1011 683 1066 766 qui
1093 683 1150 747 ali·
1178 701 1192 742 s

142 771 219 856 quid
242 773 323 838 scire
345 771 505 854 videntur,
527 775 694 854 tamqnam
713 769 835 834 domini
852 769 1018 835 timentur.
1049 769 1150 835 Iudex

141 882 218 927 vero
242 863 399 944 quantum
421 859 523 924 habet
541 858 755 924 dominatum!
779 879 843 941 quo
862 858 979 922 timore
996 862 1151 924 nocentes

90 967 121 1015 41
143 949 263 1014 adlicit!
313 947 367 1012 An
397 967 465 1012 non
496 949 546 1010 est
578 946 683 1012 omnis
717 948 823 1011 metus
855 945 1017 1010 servitus?
1067 945 1151 1020 Quid

141 1036 230 1102 valet
253 1035 355 1122 igitur
377 1035 436 1100 illa
459 1033 716 1118 eloquentissimi
732 1033 804 1115 uiri,
826 1033 861 1097 L.
876 1031 996 1118 Crassi,
1018 1035 1151 1119 copiosa

142 1123 248 1210 magis
272 1145 369 1207 quam
392 1122 520 1208 sapiens
539 1123 657 1188 oratio:
681 1120 850 1206 ‘Eripite
871 1143 941 1186 nos
964 1141 1007 1186 ex
1031 1122 1150 1187 servi·
1166 1142 1192 1181 ιο

142 1211 264 1278 tute’l
295 1211 385 1287 Quae
403 1215 455 1276 est
471 1211 537 1276 ista
555 1210 693 1275 servitus
716 1214 786 1274 tam
810 1209 898 1276 claro
920 1209 1046 1275 homini
1068 1214 1150 1274 tam-

143 1321 205 1386 que
235 1298 363 1366 nobili?
413 1298 527 1365 Omnis
559 1298 659 1364 animi
689 1297 852 1362 debilitati
884 1301 917 1362 st
953 1297 1085 1362 humilis
1117 1302 1152 1363 et

141 1387 239 1454 fracti
267 1387 427 1454 timiditas
455 1387 594 1453 servitus
621 1391 681 1451 est.
727 1385 849 1452 ‘Nolite
878 1386 982 1450 sinere
1004 1407 1064 1451 nos
1088 1387 1151 1451 cui-

143 1499 241 1560 quam
264 1474 405 1542 sereire?
437 1474 477 1539 In
499 1475 687 1540 libertatem
704 1473 862 1539 vindicari
878 1473 971 1538 volt?
1002 1471 1151 1556 Minime3

144 1565 220 1649 quid
247 1566 332 1630 enim
360 1562 530 1649 adiungit?
574 1561 664 1626 ‘Nisi
689 1562 783 1628 uobis
814 1560 994 1626 universis?
1039 1560 1193 1626 Domi-1⁵

142 1673 220 1716 num
242 1655 382 1734 mutare,
411 1672 478 1717 non
500 1650 584 1715 liber
607 1671 677 1715 esse
698 1651 778 1715 volt.
824 1648 959 1724 ‘Quibus
983 1637 1016 1715 et
1039 1671 1151 1735 possu-

143 1761 214 1804 mus
239 1744 272 1805 et
294 1738 468 1804 debemus?
508 1737 578 1804 Nos
600 1759 687 1822 vero,
709 1737 868 1822 siquidem
891 1739 1000 1803 animo
1023 1739 1151 1803 excelso

143 1832 177 1892 et
199 1829 268 1893 alto
291 1831 324 1892 et
346 1826 522 1892 virtutibus
546 1831 744 1913 exaggerato
768 1847 894 1908 sumus,
916 1848 974 1892 nec
998 1825 1151 1891 debemus

142 1938 201 1983 nee
228 1937 413 2002 possumus3
444 1919 482 1981 tu
508 1936 604 2000 posse
630 1919 664 1980 te
693 1913 804 1999 dicito,
836 1914 989 2000 quoniam
1021 1914 1151 1998 quidem

143 2009 246 2090 potes,
270 2005 385 2070 debere
407 2024 447 2068 ne
471 2003 598 2086 dixeris,
622 2003 775 2087 quoniam
796 2003 879 2067 nihil
903 2003 1075 2087 quisquam
1099 2001 1150 2067 de
1165 2021 1193 2061 20

144 2093 208 2177 bet,
230 2092 293 2156 nisi
312 2090 399 2176 quod
417 2095 467 2156 est
485 2095 580 2175 turpe
598 2111 664 2155 non
681 2091 821 2156 reddere.
857 2088 920 2154 Sed
941 2090 1022 2155 haec
1044 2090 1152 2155 hacte-

143 2201 213 2244 nus.
257 2178 319 2244 llle
351 2179 473 2262 rideat,
505 2200 568 2262 quo
599 2179 696 2244 modo
728 2179 906 2263 imperator
938 2199 1008 2244 esse
1037 2179 1151 2263 possit,

144 2289 217 2333 cum
248 2287 322 2331 eum
353 2286 394 2332 ne
425 2267 564 2331 liberum
597 2266 725 2350 quidem
753 2287 823 2331 esse
852 2266 937 2332 ratio
965 2271 999 2332 ct
1029 2266 1152 2332 veritas

142 2357 217 2441 ipsa
239 2353 419 2420 convincat.

453 2545 761 2613 PARADOXON
782 2545 841 2614 Vl.
1166 2564 1194 2606 25

223 2648 294 2718 Ὅτι
316 2649 419 2738 μόνος
442 2647 461 2718 ὁ
485 2647 591 2738 σοφὸς
613 2649 781 2732 πλούσιος.
818 2737 819 2741 ¹

93 2771 153 2896 ὲ.
210 2792 298 2870 Quae
322 2798 372 2859 est
394 2795 460 2858 ista
481 2793 516 2858 in
541 2793 823 2859 commemoranda
845 2794 981 2878 pecunia
1003 2799 1060 2860 lua
1082 2798 1152 2859 tam

143 2883 287 2948 insolens
319 2880 518 2948 ostentatio?
572 2882 699 2946 solusne
731 2885 769 2946 tu
801 2881 912 2948 dives?
943 2905 1002 2969 pro
1034 2883 1066 2946 di
1092 2883 1153 2948 irn-

145 2970 314 3036 mortales!
343 2990 446 3122 egone
472 2990 524 3033 me
552 2969 678 3034 audisse
706 2969 829 3053 aliquid
852 2974 886 3035 et
915 2970 1064 3036 didicisse
1087 2992 1153 3035 non

145 3057 326 3145 gaudeam?
386 3058 499 3123 olusne
517 3056 628 3122 dives?
664 3056 757 3141 Quid,
781 3058 809 3122 si
830 3078 871 3123 ne
887 3059 976 3124 diues
1000 3057 1154 3143 quidem?
1167 3077 1196 3117 ao

145 3146 231 3230 quid,
254 3148 282 3212 si
304 3167 428 3232 pauper
451 3144 572 3210 etiam?
608 3142 711 3220 Quem
730 3145 816 3210 enim
834 3146 1055 3233 intellegimus
1074 3145 1154 3210 diri-

144 3237 212 3298 tem
234 3237 291 3299 aut
309 3234 371 3299 hoc
388 3233 523 3298 verbum
540 3233 575 3296 in
594 3253 658 3317 quo
675 3233 806 3298 homine
825 3235 998 3319 ponimus?
1029 3233 1154 3319 Opinor

144 3321 179 3384 in
196 3341 244 3403 eo,
269 3321 346 3404 quoi
364 3324 458 3386 tanta
475 3321 637 3405 possessio
657 3321 711 3404 sit,
731 3326 770 3386 ut
788 3321 829 3386 ad
846 3322 1028 3388 liberaliter
1046 3321 1154 3386 viven-

146 3406 222 3472 dum
239 3405 335 3471 facile
354 3411 524 3473 contentus
543 3407 596 3490 sit,
614 3409 670 3491 qui
686 3409 770 3473 nihil
789 3415 932 3493 quaerat,
954 3409 1037 3474 nibil
1057 3431 1155 3495 appe·

93 3511 126 3561 la
145 3498 210 3579 tat,
241 3493 324 3558 nihil
356 3498 449 3578 optet
480 3495 629 3579 amplius.
678 3497 815 3563 Animus
848 3501 978 3583 oportet
1010 3500 1086 3563 tuus
1120 3517 1155 3562 se
1169 3513 1197 3556 as
