<?xml version="1.0" encoding="UTF-8"?>
<!DOCTYPE html PUBLIC "-//W3C//DTD XHTML 1.0 Transitional//EN"
    "http://www.w3.org/TR/xhtml1/DTD/xhtml1-transitional.dtd">
<html xmlns="http://www.w3.org/1999/xhtml" xml:lang="en" lang="en">
 <head>
  <title>
</title>
<meta http-equiv="Content-Type" content="text/html;charset=utf-8" />
  <meta name='ocr-system' content='tesseract 3.04.00' />
  <meta name='ocr-capabilities' content='ocr_page ocr_carea ocr_par ocr_line ocrx_word'/>
</head>
<body>
  <div class='ocr_page' id='page_1' title='image "./mtulliiciceroni04mlgoog_0214.png"; bbox 0 0 2578 3950; ppageno 0'>
   <div class='ocr_carea' id='block_1_1' title="bbox 411 181 1104 252">
    <p class='ocr_par' dir='ltr' id='par_1_1' title="bbox 411 181 1104 252">
     <span class='ocr_line' id='line_1_1' title="bbox 411 181 1104 252; baseline 0.01 -13"><span class='ocrx_word' id='word_1_1' title='bbox 411 183 487 241; x_wconf 75' lang='lat' dir='ltr'><strong>ors.</strong></span> <span class='ocrx_word' id='word_1_2' title='bbox 508 190 550 252; x_wconf 87' lang='lat' dir='ltr'><strong>rs,</strong></span> <span class='ocrx_word' id='word_1_3' title='bbox 571 189 612 240; x_wconf 90' lang='lat' dir='ltr'><strong>1e.</strong></span> <span class='ocrx_word' id='word_1_4' title='bbox 649 189 796 251; x_wconf 76' lang='lat' dir='ltr'><strong>ssa-ce.</strong></span> <span class='ocrx_word' id='word_1_5' title='bbox 1043 181 1104 248; x_wconf 83' lang='lat'><strong>151</strong></span> 
     </span>
    </p>
   </div>
   <div class='ocr_carea' id='block_1_2' title="bbox 80 343 1160 3593">
    <p class='ocr_par' dir='ltr' id='par_1_2' title="bbox 80 343 1160 3593">
     <span class='ocr_line' id='line_1_2' title="bbox 115 343 1118 432; baseline -0.005 -19"><span class='ocrx_word' id='word_1_6' title='bbox 115 348 202 414; x_wconf 86' lang='lat' dir='ltr'><strong>ctiam</strong></span> <span class='ocrx_word' id='word_1_7' title='bbox 228 349 262 412; x_wconf 86' lang='lat' dir='ltr'><strong>et</strong></span> <span class='ocrx_word' id='word_1_8' title='bbox 288 345 456 432; x_wconf 77' lang='lat' dir='ltr'><strong>pomariis,</strong></span> <span class='ocrx_word' id='word_1_9' title='bbox 482 348 554 410; x_wconf 82' lang='lat' dir='ltr'><strong>tum</strong></span> <span class='ocrx_word' id='word_1_10' title='bbox 580 344 738 431; x_wconf 81' lang='lat' dir='ltr'><strong>pecudum</strong></span> <span class='ocrx_word' id='word_1_11' title='bbox 764 347 874 430; x_wconf 87' lang='lat' dir='ltr'><strong>pastu,</strong></span> <span class='ocrx_word' id='word_1_12' title='bbox 902 343 1012 429; x_wconf 88' lang='lat' dir='ltr'><strong>apium</strong></span> <span class='ocrx_word' id='word_1_13' title='bbox 1035 363 1118 410; x_wconf 78' lang='lat' dir='ltr'><strong>exa.</strong></span> 
     </span>
     <span class='ocr_line' id='line_1_3' title="bbox 113 429 1105 519; baseline -0.006 -17"><span class='ocrx_word' id='word_1_14' title='bbox 113 435 256 519; x_wconf 76' lang='lat' dir='ltr'><strong>minibus,</strong></span> <span class='ocrx_word' id='word_1_15' title='bbox 287 433 403 500; x_wconf 88' lang='lat' dir='ltr'><strong>florum</strong></span> <span class='ocrx_word' id='word_1_16' title='bbox 432 431 577 499; x_wconf 86' lang='lat' dir='ltr'><strong>omnium</strong></span> <span class='ocrx_word' id='word_1_17' title='bbox 603 433 770 498; x_wconf 75' lang='lat' dir='ltr'><strong>varietate.</strong></span> <span class='ocrx_word' id='word_1_18' title='bbox 814 431 883 498; x_wconf 90' lang='lat' dir='ltr'><strong>Nec</strong></span> <span class='ocrx_word' id='word_1_19' title='bbox 910 429 1105 499; x_wconf 81' lang='lat' dir='ltr'><strong>consitiones</strong></span> 
     </span>
     <span class='ocr_line' id='line_1_4' title="bbox 113 517 1105 605; baseline -0.003 -18"><span class='ocrx_word' id='word_1_20' title='bbox 113 523 197 588; x_wconf 90' lang='lat' dir='ltr'><strong>modo</strong></span> <span class='ocrx_word' id='word_1_21' title='bbox 220 522 390 605; x_wconf 86' lang='lat' dir='ltr'><strong>delectant,</strong></span> <span class='ocrx_word' id='word_1_22' title='bbox 414 517 469 586; x_wconf 85' lang='lat' dir='ltr'><strong>sed</strong></span> <span class='ocrx_word' id='word_1_23' title='bbox 492 521 591 586; x_wconf 88' lang='lat' dir='ltr'><strong>etiam</strong></span> <span class='ocrx_word' id='word_1_24' title='bbox 613 520 791 604; x_wconf 75' lang='lat' dir='ltr'><strong>insitiones,</strong></span> <span class='ocrx_word' id='word_1_25' title='bbox 815 520 931 605; x_wconf 89' lang='lat' dir='ltr'><strong>quibus</strong></span> <span class='ocrx_word' id='word_1_26' title='bbox 954 517 1036 584; x_wconf 82' lang='lat' dir='ltr'><strong>nihil</strong></span> <span class='ocrx_word' id='word_1_27' title='bbox 1059 520 1105 584; x_wconf 91' lang='lat' dir='ltr'><strong>in·</strong></span> 
     </span>
     <span class='ocr_line' id='line_1_5' title="bbox 112 575 1158 703; baseline -0.003 -28"><span class='ocrx_word' id='word_1_28' title='bbox 112 611 190 676; x_wconf 80' lang='lat' dir='ltr'><strong>venit</strong></span> <span class='ocrx_word' id='word_1_29' title='bbox 216 631 236 674; x_wconf 90' lang='lat' dir='ltr'><strong>a</strong></span> <span class='ocrx_word' id='word_1_30' title='bbox 280 610 287 624; x_wconf 83' lang='grc'><strong><em>’</em></strong></span> <span class='ocrx_word' id='word_1_31' title='bbox 315 610 443 675; x_wconf 89' lang='lat' dir='ltr'><strong>cultura</strong></span> <span class='ocrx_word' id='word_1_32' title='bbox 470 608 644 675; x_wconf 75' lang='lat' dir='ltr'><strong>sollertius.</strong></span> <span class='ocrx_word' id='word_1_33' title='bbox 689 607 828 673; x_wconf 89' lang='lat' dir='ltr'><strong>Possum</strong></span> <span class='ocrx_word' id='word_1_34' title='bbox 854 607 1005 692; x_wconf 79' lang='lat' dir='ltr'><strong>persequi</strong></span> <span class='ocrx_word' id='word_1_35' title='bbox 1035 575 1158 703; x_wconf 60' lang='lat' dir='ltr'><strong>per-15}</strong></span> 
     </span>
     <span class='ocr_line' id='line_1_6' title="bbox 91 695 1106 780; baseline 0.003 -23"><span class='ocrx_word' id='word_1_36' title='bbox 91 699 204 764; x_wconf 78' lang='lat' dir='ltr'><strong>rmnlta</strong></span> <span class='ocrx_word' id='word_1_37' title='bbox 266 698 466 763; x_wconf 72' lang='lat' dir='ltr'><strong>‘laetamenta</strong></span> <span class='ocrx_word' id='word_1_38' title='bbox 487 715 595 762; x_wconf 87' lang='lat' dir='ltr'><strong>rernm</strong></span> <span class='ocrx_word' id='word_1_39' title='bbox 616 696 820 780; x_wconf 87' lang='lat' dir='ltr'><strong>rusticarum,</strong></span> <span class='ocrx_word' id='word_1_40' title='bbox 845 695 901 760; x_wconf 86' lang='lat' dir='ltr'><strong>sed</strong></span> <span class='ocrx_word' id='word_1_41' title='bbox 923 696 1003 761; x_wconf 87' lang='lat' dir='ltr'><strong>haec</strong></span> <span class='ocrx_word' id='word_1_42' title='bbox 1025 695 1106 780; x_wconf 89' lang='lat' dir='ltr'><strong>ipsa,</strong></span> 
     </span>
     <span class='ocr_line' id='line_1_7' title="bbox 112 782 1106 870; baseline -0.002 -20"><span class='ocrx_word' id='word_1_43' title='bbox 112 807 182 870; x_wconf 82' lang='lat' dir='ltr'><strong>qnae</strong></span> <span class='ocrx_word' id='word_1_44' title='bbox 209 785 289 868; x_wconf 84' lang='lat' dir='ltr'><strong>dixi,</strong></span> <span class='ocrx_word' id='word_1_45' title='bbox 317 786 421 850; x_wconf 87' lang='lat' dir='ltr'><strong>sentio</strong></span> <span class='ocrx_word' id='word_1_46' title='bbox 446 784 548 850; x_wconf 85' lang='lat' dir='ltr'><strong>inisse</strong></span> <span class='ocrx_word' id='word_1_47' title='bbox 575 785 734 870; x_wconf 86' lang='lat' dir='ltr'><strong>longiora.</strong></span> <span class='ocrx_word' id='word_1_48' title='bbox 778 782 960 870; x_wconf 78' lang='lat' dir='ltr'><strong>Ignoscetis</strong></span> <span class='ocrx_word' id='word_1_49' title='bbox 984 787 1106 868; x_wconf 79' lang='lat' dir='ltr'><strong>autem3</strong></span> 
     </span>
     <span class='ocr_line' id='line_1_8' title="bbox 111 873 1107 957; baseline -0.001 -20"><span class='ocrx_word' id='word_1_50' title='bbox 111 895 176 938; x_wconf 87' lang='lat' dir='ltr'><strong>narn</strong></span> <span class='ocrx_word' id='word_1_51' title='bbox 202 877 235 938; x_wconf 93' lang='lat' dir='ltr'><strong>et</strong></span> <span class='ocrx_word' id='word_1_52' title='bbox 264 873 371 938; x_wconf 87' lang='lat' dir='ltr'><strong>studio</strong></span> <span class='ocrx_word' id='word_1_53' title='bbox 397 873 594 939; x_wconf 85' lang='lat' dir='ltr'><strong>rusticarum</strong></span> <span class='ocrx_word' id='word_1_54' title='bbox 620 891 729 938; x_wconf 88' lang='lat' dir='ltr'><strong>rerum</strong></span> <span class='ocrx_word' id='word_1_55' title='bbox 755 874 927 957; x_wconf 80' lang='lat' dir='ltr'><strong>provectus</strong></span> <span class='ocrx_word' id='word_1_56' title='bbox 956 891 1041 954; x_wconf 89' lang='lat' dir='ltr'><strong>snm,</strong></span> <span class='ocrx_word' id='word_1_57' title='bbox 1074 873 1107 936; x_wconf 92' lang='lat' dir='ltr'><strong>et</strong></span> 
     </span>
     <span class='ocr_line' id='line_1_9' title="bbox 112 959 1107 1044; baseline 0 -20"><span class='ocrx_word' id='word_1_58' title='bbox 112 965 247 1026; x_wconf 84' lang='lat' dir='ltr'><strong>senectus</strong></span> <span class='ocrx_word' id='word_1_59' title='bbox 276 963 326 1026; x_wconf 88' lang='lat' dir='ltr'><strong>est</strong></span> <span class='ocrx_word' id='word_1_60' title='bbox 350 964 469 1026; x_wconf 86' lang='lat' dir='ltr'><strong>natura</strong></span> <span class='ocrx_word' id='word_1_61' title='bbox 495 960 674 1044; x_wconf 81' lang='lat' dir='ltr'><strong>loquacior,</strong></span> <span class='ocrx_word' id='word_1_62' title='bbox 705 982 746 1036; x_wconf 84' lang='lat' dir='ltr'><strong>ne</strong></span> <span class='ocrx_word' id='word_1_63' title='bbox 778 960 819 1024; x_wconf 89' lang='lat' dir='ltr'><strong>ab</strong></span> <span class='ocrx_word' id='word_1_64' title='bbox 852 959 1002 1026; x_wconf 89' lang='lat' dir='ltr'><strong>omnibus</strong></span> <span class='ocrx_word' id='word_1_65' title='bbox 1034 979 1107 1024; x_wconf 89' lang='lat' dir='ltr'><strong>eam</strong></span> 
     </span>
     <span class='ocr_line' id='line_1_10' title="bbox 110 1045 1107 1134; baseline -0.001 -21"><span class='ocrx_word' id='word_1_66' title='bbox 110 1049 187 1114; x_wconf 86' lang='lat' dir='ltr'><strong>ritiis</strong></span> <span class='ocrx_word' id='word_1_67' title='bbox 209 1048 322 1115; x_wconf 87' lang='lat' dir='ltr'><strong>videar</strong></span> <span class='ocrx_word' id='word_1_68' title='bbox 343 1047 514 1114; x_wconf 69' lang='lat' dir='ltr'><strong>vindicare.</strong></span> <span class='ocrx_word' id='word_1_69' title='bbox 558 1048 648 1134; x_wconf 77' lang='lat' dir='ltr'><strong>Ergo</strong></span> <span class='ocrx_word' id='word_1_70' title='bbox 670 1049 705 1112; x_wconf 93' lang='lat' dir='ltr'><strong>in</strong></span> <span class='ocrx_word' id='word_1_71' title='bbox 732 1048 794 1114; x_wconf 85' lang='lat' dir='ltr'><strong>hac</strong></span> <span class='ocrx_word' id='word_1_72' title='bbox 815 1048 885 1113; x_wconf 85' lang='lat' dir='ltr'><strong>rita</strong></span> <span class='ocrx_word' id='word_1_73' title='bbox 906 1047 958 1114; x_wconf 90' lang='grc' dir='ltr'><strong>Μ’.</strong></span> <span class='ocrx_word' id='word_1_74' title='bbox 982 1045 1107 1131; x_wconf 81' lang='lat' dir='ltr'><strong>Curius,</strong></span> 
     </span>
     <span class='ocr_line' id='line_1_11' title="bbox 83 1133 1106 1220; baseline -0.002 -18"><span class='ocrx_word' id='word_1_75' title='bbox 83 1153 101 1193; x_wconf 80' lang='lat'><strong>1⁰</strong></span> <span class='ocrx_word' id='word_1_76' title='bbox 111 1157 172 1201; x_wconf 81' lang='lat' dir='ltr'><strong>rum</strong></span> <span class='ocrx_word' id='word_1_77' title='bbox 194 1137 233 1202; x_wconf 91' lang='lat' dir='ltr'><strong>de</strong></span> <span class='ocrx_word' id='word_1_78' title='bbox 252 1135 463 1220; x_wconf 81' lang='lat' dir='ltr'><strong>Samnitibus,</strong></span> <span class='ocrx_word' id='word_1_79' title='bbox 486 1136 524 1200; x_wconf 91' lang='lat' dir='ltr'><strong>de</strong></span> <span class='ocrx_word' id='word_1_80' title='bbox 541 1133 680 1220; x_wconf 84' lang='lat' dir='ltr'><strong>Sabinis,</strong></span> <span class='ocrx_word' id='word_1_81' title='bbox 703 1135 742 1200; x_wconf 91' lang='lat' dir='ltr'><strong>de</strong></span> <span class='ocrx_word' id='word_1_82' title='bbox 759 1135 886 1218; x_wconf 84' lang='lat' dir='ltr'><strong>Pyrrho</strong></span> <span class='ocrx_word' id='word_1_83' title='bbox 909 1135 1106 1220; x_wconf 87' lang='lat' dir='ltr'><strong>triumphas·</strong></span> 
     </span>
     <span class='ocr_line' id='line_1_12' title="bbox 111 1221 1107 1309; baseline 0 -22"><span class='ocrx_word' id='word_1_84' title='bbox 111 1228 160 1309; x_wconf 91' lang='lat' dir='ltr'><strong>set,</strong></span> <span class='ocrx_word' id='word_1_85' title='bbox 180 1223 382 1309; x_wconf 74' lang='lat' dir='ltr'><strong>consumpsit</strong></span> <span class='ocrx_word' id='word_1_86' title='bbox 404 1225 585 1289; x_wconf 86' lang='lat' dir='ltr'><strong>extremum</strong></span> <span class='ocrx_word' id='word_1_87' title='bbox 606 1226 735 1307; x_wconf 88' lang='lat' dir='ltr'><strong>tempus</strong></span> <span class='ocrx_word' id='word_1_88' title='bbox 759 1222 885 1288; x_wconf 89' lang='lat' dir='ltr'><strong>aetatis.</strong></span> <span class='ocrx_word' id='word_1_89' title='bbox 909 1221 1021 1296; x_wconf 70' lang='lat' dir='ltr'><strong>‚Cuius</strong></span> <span class='ocrx_word' id='word_1_90' title='bbox 1040 1223 1107 1306; x_wconf 91' lang='lat' dir='ltr'><strong>qui·</strong></span> 
     </span>
     <span class='ocr_line' id='line_1_13' title="bbox 110 1309 1106 1399; baseline -0.002 -23"><span class='ocrx_word' id='word_1_91' title='bbox 110 1312 171 1377; x_wconf 92' lang='lat' dir='ltr'><strong>dem</strong></span> <span class='ocrx_word' id='word_1_92' title='bbox 193 1333 255 1399; x_wconf 81' lang='lat' dir='ltr'><strong>ego</strong></span> <span class='ocrx_word' id='word_1_93' title='bbox 279 1312 394 1377; x_wconf 86' lang='lat' dir='ltr'><strong>villam</strong></span> <span class='ocrx_word' id='word_1_94' title='bbox 420 1313 643 1397; x_wconf 89' lang='lat' dir='ltr'><strong>contemplans</strong></span> <span class='ocrx_word' id='word_1_95' title='bbox 671 1309 779 1396; x_wconf 87' lang='lat' dir='ltr'><strong>(abest</strong></span> <span class='ocrx_word' id='word_1_96' title='bbox 805 1309 892 1375; x_wconf 89' lang='lat' dir='ltr'><strong>enim</strong></span> <span class='ocrx_word' id='word_1_97' title='bbox 917 1331 985 1375; x_wconf 89' lang='lat' dir='ltr'><strong>non</strong></span> <span class='ocrx_word' id='word_1_98' title='bbox 1008 1311 1106 1396; x_wconf 77' lang='lat' dir='ltr'><strong>longe</strong></span> 
     </span>
     <span class='ocr_line' id='line_1_14' title="bbox 110 1397 1105 1486; baseline -0.003 -22"><span class='ocrx_word' id='word_1_99' title='bbox 110 1397 205 1486; x_wconf 87' lang='lat' dir='ltr'><strong>arne)</strong></span> <span class='ocrx_word' id='word_1_100' title='bbox 227 1399 383 1466; x_wconf 83' lang='lat' dir='ltr'><strong>admirari</strong></span> <span class='ocrx_word' id='word_1_101' title='bbox 406 1400 486 1465; x_wconf 88' lang='lat' dir='ltr'><strong>satis</strong></span> <span class='ocrx_word' id='word_1_102' title='bbox 508 1420 575 1464; x_wconf 89' lang='lat' dir='ltr'><strong>non</strong></span> <span class='ocrx_word' id='word_1_103' title='bbox 600 1419 735 1484; x_wconf 89' lang='lat' dir='ltr'><strong>possum</strong></span> <span class='ocrx_word' id='word_1_104' title='bbox 757 1398 809 1463; x_wconf 83' lang='lat' dir='ltr'><strong>rel</strong></span> <span class='ocrx_word' id='word_1_105' title='bbox 833 1397 975 1463; x_wconf 88' lang='lat' dir='ltr'><strong>hominis</strong></span> <span class='ocrx_word' id='word_1_106' title='bbox 1002 1397 1105 1482; x_wconf 89' lang='lat' dir='ltr'><strong>ipsius</strong></span> 
     </span>
     <span class='ocr_line' id='line_1_15' title="bbox 111 1483 1158 1572; baseline -0.003 -20"><span class='ocrx_word' id='word_1_107' title='bbox 111 1487 333 1554; x_wconf 84' lang='lat' dir='ltr'><strong>continentiam</strong></span> <span class='ocrx_word' id='word_1_108' title='bbox 362 1488 417 1554; x_wconf 82' lang='lat' dir='ltr'><strong>vel</strong></span> <span class='ocrx_word' id='word_1_109' title='bbox 447 1491 632 1572; x_wconf 87' lang='lat' dir='ltr'><strong>temporum</strong></span> <span class='ocrx_word' id='word_1_110' title='bbox 663 1485 875 1571; x_wconf 82' lang='lat' dir='ltr'><strong>disciplinam.</strong></span> <span class='ocrx_word' id='word_1_111' title='bbox 920 1483 1018 1550; x_wconf 80' lang='lat' dir='ltr'><strong>Curio</strong></span> <span class='ocrx_word' id='word_1_112' title='bbox 1051 1484 1158 1565; x_wconf 82' lang='lat' dir='ltr'><strong>ad(5e)</strong></span> 
     </span>
     <span class='ocr_line' id='line_1_16' title="bbox 82 1571 1107 1662; baseline -0.001 -23"><span class='ocrx_word' id='word_1_113' title='bbox 82 1574 206 1640; x_wconf 67' lang='lat' dir='ltr'><strong>siecum</strong></span> <span class='ocrx_word' id='word_1_114' title='bbox 238 1575 367 1641; x_wconf 81' lang='lat' dir='ltr'><strong>sedenti</strong></span> <span class='ocrx_word' id='word_1_115' title='bbox 397 1595 552 1662; x_wconf 79' lang='lat' dir='ltr'><strong>magnum</strong></span> <span class='ocrx_word' id='word_1_116' title='bbox 584 1576 655 1640; x_wconf 86' lang='lat' dir='ltr'><strong>auri</strong></span> <span class='ocrx_word' id='word_1_117' title='bbox 685 1575 811 1661; x_wconf 89' lang='lat' dir='ltr'><strong>pondus</strong></span> <span class='ocrx_word' id='word_1_118' title='bbox 840 1571 1002 1639; x_wconf 80' lang='lat' dir='ltr'><strong>Samnites</strong></span> <span class='ocrx_word' id='word_1_119' title='bbox 1034 1593 1107 1638; x_wconf 84' lang='lat' dir='ltr'><strong>curn</strong></span> 
     </span>
     <span class='ocr_line' id='line_1_17' title="bbox 110 1660 1107 1749; baseline -0.003 -22"><span class='ocrx_word' id='word_1_120' title='bbox 110 1664 302 1749; x_wconf 75' lang='lat' dir='ltr'><strong>attulissent,</strong></span> <span class='ocrx_word' id='word_1_121' title='bbox 328 1663 489 1748; x_wconf 83' lang='lat' dir='ltr'><strong>repudiati</strong></span> <span class='ocrx_word' id='word_1_122' title='bbox 517 1666 606 1746; x_wconf 81' lang='lat' dir='ltr'><strong>sunt3</strong></span> <span class='ocrx_word' id='word_1_123' title='bbox 637 1683 704 1729; x_wconf 90' lang='lat' dir='ltr'><strong>non</strong></span> <span class='ocrx_word' id='word_1_124' title='bbox 731 1663 817 1728; x_wconf 88' lang='lat' dir='ltr'><strong>enim</strong></span> <span class='ocrx_word' id='word_1_125' title='bbox 845 1682 960 1728; x_wconf 88' lang='lat' dir='ltr'><strong>aurum</strong></span> <span class='ocrx_word' id='word_1_126' title='bbox 985 1660 1107 1726; x_wconf 87' lang='lat' dir='ltr'><strong>habere</strong></span> 
     </span>
     <span class='ocr_line' id='line_1_18' title="bbox 109 1749 1108 1836; baseline -0.004 -20"><span class='ocrx_word' id='word_1_127' title='bbox 109 1752 301 1834; x_wconf 84' lang='lat' dir='ltr'><strong>praeclarum</strong></span> <span class='ocrx_word' id='word_1_128' title='bbox 334 1751 398 1816; x_wconf 90' lang='lat' dir='ltr'><strong>sibi</strong></span> <span class='ocrx_word' id='word_1_129' title='bbox 423 1750 526 1817; x_wconf 84' lang='lat' dir='ltr'><strong>videri</strong></span> <span class='ocrx_word' id='word_1_130' title='bbox 557 1749 650 1836; x_wconf 86' lang='lat' dir='ltr'><strong>dixit,</strong></span> <span class='ocrx_word' id='word_1_131' title='bbox 666 1751 739 1816; x_wconf 79' lang='lat' dir='ltr'><strong>&#39;sed</strong></span> <span class='ocrx_word' id='word_1_132' title='bbox 771 1751 830 1835; x_wconf 88' lang='lat' dir='ltr'><strong>eis,</strong></span> <span class='ocrx_word' id='word_1_133' title='bbox 863 1750 919 1835; x_wconf 90' lang='lat' dir='ltr'><strong>qui</strong></span> <span class='ocrx_word' id='word_1_134' title='bbox 948 1749 1108 1815; x_wconf 89' lang='lat' dir='ltr'><strong>habereut</strong></span> 
     </span>
     <span class='ocr_line' id='line_1_19' title="bbox 110 1836 1160 1925; baseline 0.004 -22"><span class='ocrx_word' id='word_1_135' title='bbox 110 1859 225 1925; x_wconf 80' lang='lat' dir='ltr'><strong>aarum,</strong></span> <span class='ocrx_word' id='word_1_136' title='bbox 256 1840 426 1924; x_wconf 87' lang='lat' dir='ltr'><strong>imperare.</strong></span> <span class='ocrx_word' id='word_1_137' title='bbox 474 1838 650 1904; x_wconf 75' lang='lat' dir='ltr'><strong>Poteratne</strong></span> <span class='ocrx_word' id='word_1_138' title='bbox 680 1842 792 1904; x_wconf 89' lang='lat' dir='ltr'><strong>tantus</strong></span> <span class='ocrx_word' id='word_1_139' title='bbox 825 1838 950 1902; x_wconf 88' lang='lat' dir='ltr'><strong>animus</strong></span> <span class='ocrx_word' id='word_1_140' title='bbox 981 1836 1107 1902; x_wconf 88' lang='lat' dir='ltr'><strong>efficere</strong></span> <span class='ocrx_word' id='word_1_141' title='bbox 1125 1854 1160 1906; x_wconf 81' lang='lat' dir='ltr'><strong>so</strong></span> 
     </span>
     <span class='ocr_line' id='line_1_20' title="bbox 109 1923 1107 2010; baseline -0.002 -21"><span class='ocrx_word' id='word_1_142' title='bbox 109 1947 165 1992; x_wconf 92' lang='lat' dir='ltr'><strong>non</strong></span> <span class='ocrx_word' id='word_1_143' title='bbox 189 1928 364 1994; x_wconf 88' lang='lat' dir='ltr'><strong>iucundam</strong></span> <span class='ocrx_word' id='word_1_144' title='bbox 392 1927 613 1993; x_wconf 80' lang='lat' dir='ltr'><strong>senectutem?</strong></span> <span class='ocrx_word' id='word_1_145' title='bbox 657 1923 720 1991; x_wconf 80' lang='lat' dir='ltr'><strong>Sed</strong></span> <span class='ocrx_word' id='word_1_146' title='bbox 746 1925 840 1991; x_wconf 82' lang='lat' dir='ltr'><strong>renio</strong></span> <span class='ocrx_word' id='word_1_147' title='bbox 868 1925 910 1989; x_wconf 87' lang='lat' dir='ltr'><strong>ad</strong></span> <span class='ocrx_word' id='word_1_148' title='bbox 937 1924 1107 2010; x_wconf 79' lang='lat' dir='ltr'><strong>agricolas,</strong></span> 
     </span>
     <span class='ocr_line' id='line_1_21' title="bbox 81 2013 1108 2101; baseline -0.003 -23"><span class='ocrx_word' id='word_1_149' title='bbox 81 2029 145 2078; x_wconf 69' lang='lat' dir='ltr'><strong>sne</strong></span> <span class='ocrx_word' id='word_1_150' title='bbox 164 2037 183 2080; x_wconf 94' lang='lat' dir='ltr'><strong>a</strong></span> <span class='ocrx_word' id='word_1_151' title='bbox 203 2035 257 2081; x_wconf 89' lang='lat' dir='ltr'><strong>me</strong></span> <span class='ocrx_word' id='word_1_152' title='bbox 279 2016 353 2101; x_wconf 86' lang='lat' dir='ltr'><strong>ipso</strong></span> <span class='ocrx_word' id='word_1_153' title='bbox 375 2014 531 2080; x_wconf 84' lang='lat' dir='ltr'><strong>recedam.</strong></span> <span class='ocrx_word' id='word_1_154' title='bbox 566 2013 607 2079; x_wconf 90' lang='lat' dir='ltr'><strong>In</strong></span> <span class='ocrx_word' id='word_1_155' title='bbox 625 2014 713 2099; x_wconf 79' lang='lat' dir='ltr'><strong>agris</strong></span> <span class='ocrx_word' id='word_1_156' title='bbox 732 2016 824 2078; x_wconf 89' lang='lat' dir='ltr'><strong>erant</strong></span> <span class='ocrx_word' id='word_1_157' title='bbox 842 2015 913 2078; x_wconf 90' lang='lat' dir='ltr'><strong>tum</strong></span> <span class='ocrx_word' id='word_1_158' title='bbox 932 2015 1108 2094; x_wconf 85' lang='lat' dir='ltr'><strong>senatores,</strong></span> 
     </span>
     <span class='ocr_line' id='line_1_22' title="bbox 110 2097 1107 2188; baseline -0.003 -23"><span class='ocrx_word' id='word_1_159' title='bbox 110 2101 207 2168; x_wconf 90' lang='lat' dir='ltr'><strong>idest</strong></span> <span class='ocrx_word' id='word_1_160' title='bbox 231 2123 342 2187; x_wconf 89' lang='lat' dir='ltr'><strong>senes,</strong></span> <span class='ocrx_word' id='word_1_161' title='bbox 369 2103 527 2188; x_wconf 89' lang='lat' dir='ltr'><strong>siquidem</strong></span> <span class='ocrx_word' id='word_1_162' title='bbox 555 2102 662 2168; x_wconf 88' lang='lat' dir='ltr'><strong>aranti</strong></span> <span class='ocrx_word' id='word_1_163' title='bbox 683 2102 720 2167; x_wconf 90' lang='lat' dir='ltr'><strong>L.</strong></span> <span class='ocrx_word' id='word_1_164' title='bbox 742 2099 892 2176; x_wconf 81' lang='lat' dir='ltr'><strong>Quinctio</strong></span> <span class='ocrx_word' id='word_1_165' title='bbox 916 2097 1107 2166; x_wconf 78' lang='lat' dir='ltr'><strong>Cincinnato</strong></span> 
     </span>
     <span class='ocr_line' id='line_1_23' title="bbox 109 2185 1108 2273; baseline -0.001 -20"><span class='ocrx_word' id='word_1_166' title='bbox 109 2191 286 2257; x_wconf 90' lang='lat' dir='ltr'><strong>nuntiatum</strong></span> <span class='ocrx_word' id='word_1_167' title='bbox 309 2193 360 2256; x_wconf 86' lang='lat' dir='ltr'><strong>est</strong></span> <span class='ocrx_word' id='word_1_168' title='bbox 381 2211 455 2256; x_wconf 88' lang='lat' dir='ltr'><strong>eum</strong></span> <span class='ocrx_word' id='word_1_169' title='bbox 478 2190 670 2256; x_wconf 88' lang='lat' dir='ltr'><strong>dictatorem</strong></span> <span class='ocrx_word' id='word_1_170' title='bbox 689 2209 759 2254; x_wconf 88' lang='lat' dir='ltr'><strong>esse</strong></span> <span class='ocrx_word' id='word_1_171' title='bbox 776 2188 912 2273; x_wconf 81' lang='lat' dir='ltr'><strong>factum3</strong></span> <span class='ocrx_word' id='word_1_172' title='bbox 935 2187 1026 2256; x_wconf 85' lang='lat' dir='ltr'><strong>cuins</strong></span> <span class='ocrx_word' id='word_1_173' title='bbox 1045 2185 1108 2253; x_wconf 88' lang='lat' dir='ltr'><strong>dic·</strong></span> 
     </span>
     <span class='ocr_line' id='line_1_24' title="bbox 110 2272 1108 2364; baseline -0.001 -23"><span class='ocrx_word' id='word_1_174' title='bbox 110 2281 217 2344; x_wconf 84' lang='lat' dir='ltr'><strong>tatoris</strong></span> <span class='ocrx_word' id='word_1_175' title='bbox 239 2281 333 2345; x_wconf 88' lang='lat' dir='ltr'><strong>iussu</strong></span> <span class='ocrx_word' id='word_1_176' title='bbox 355 2277 512 2364; x_wconf 81' lang='lat' dir='ltr'><strong>magister</strong></span> <span class='ocrx_word' id='word_1_177' title='bbox 535 2278 681 2362; x_wconf 86' lang='lat' dir='ltr'><strong>equitum</strong></span> <span class='ocrx_word' id='word_1_178' title='bbox 699 2275 733 2342; x_wconf 81' lang='grc' dir='ltr'><strong>Ο.</strong></span> <span class='ocrx_word' id='word_1_179' title='bbox 752 2273 908 2342; x_wconf 83' lang='lat' dir='ltr'><strong>Servilius</strong></span> <span class='ocrx_word' id='word_1_180' title='bbox 927 2275 1036 2342; x_wconf 86' lang='lat' dir='ltr'><strong>Ahala</strong></span> <span class='ocrx_word' id='word_1_181' title='bbox 1054 2272 1108 2360; x_wconf 84' lang='lat' dir='ltr'><strong>Sp.</strong></span> 
     </span>
     <span class='ocr_line' id='line_1_25' title="bbox 109 2362 1108 2452; baseline -0.005 -22"><span class='ocrx_word' id='word_1_182' title='bbox 109 2363 254 2432; x_wconf 87' lang='lat' dir='ltr'><strong>Maelium</strong></span> <span class='ocrx_word' id='word_1_183' title='bbox 272 2387 410 2452; x_wconf 82' lang='lat' dir='ltr'><strong>regnum</strong></span> <span class='ocrx_word' id='word_1_184' title='bbox 428 2366 635 2451; x_wconf 84' lang='lat' dir='ltr'><strong>adpetentem</strong></span> <span class='ocrx_word' id='word_1_185' title='bbox 657 2367 849 2451; x_wconf 87' lang='lat' dir='ltr'><strong>occupatum</strong></span> <span class='ocrx_word' id='word_1_186' title='bbox 871 2363 1045 2429; x_wconf 85' lang='lat' dir='ltr'><strong>interemit.</strong></span> <span class='ocrx_word' id='word_1_187' title='bbox 1076 2362 1108 2426; x_wconf 87' lang='lat' dir='ltr'>A</span> 
     </span>
     <span class='ocr_line' id='line_1_26' title="bbox 81 2451 1108 2534; baseline -0.004 -17"><span class='ocrx_word' id='word_1_188' title='bbox 81 2454 180 2519; x_wconf 56' lang='lat' dir='ltr'><strong>*villa</strong></span> <span class='ocrx_word' id='word_1_189' title='bbox 191 2455 226 2520; x_wconf 92' lang='lat' dir='ltr'><strong>in</strong></span> <span class='ocrx_word' id='word_1_190' title='bbox 245 2458 396 2520; x_wconf 84' lang='lat' dir='ltr'><strong>senatum</strong></span> <span class='ocrx_word' id='word_1_191' title='bbox 415 2454 639 2519; x_wconf 79' lang='lat' dir='ltr'><strong>arcessebatur</strong></span> <span class='ocrx_word' id='word_1_192' title='bbox 656 2457 690 2517; x_wconf 90' lang='lat' dir='ltr'><strong>et</strong></span> <span class='ocrx_word' id='word_1_193' title='bbox 703 2451 819 2520; x_wconf 79' lang='lat' dir='ltr'><strong>Curius</strong></span> <span class='ocrx_word' id='word_1_194' title='bbox 838 2454 872 2517; x_wconf 91' lang='lat' dir='ltr'><strong>et</strong></span> <span class='ocrx_word' id='word_1_195' title='bbox 889 2451 989 2518; x_wconf 91' lang='lat' dir='ltr'><strong>ceteri</strong></span> <span class='ocrx_word' id='word_1_196' title='bbox 1007 2469 1108 2534; x_wconf 87' lang='lat' dir='ltr'><strong>senes,</strong></span> 
     </span>
     <span class='ocr_line' id='line_1_27' title="bbox 110 2538 1108 2626; baseline -0.001 -23"><span class='ocrx_word' id='word_1_197' title='bbox 110 2559 143 2603; x_wconf 85' lang='lat' dir='ltr'><strong>ex</strong></span> <span class='ocrx_word' id='word_1_198' title='bbox 162 2563 239 2626; x_wconf 94' lang='lat' dir='ltr'><strong>quo,</strong></span> <span class='ocrx_word' id='word_1_199' title='bbox 269 2541 326 2626; x_wconf 90' lang='lat' dir='ltr'><strong>qni</strong></span> <span class='ocrx_word' id='word_1_200' title='bbox 347 2562 402 2607; x_wconf 88' lang='lat' dir='ltr'><strong>eos</strong></span> <span class='ocrx_word' id='word_1_201' title='bbox 426 2542 646 2626; x_wconf 81' lang='lat' dir='ltr'><strong>arcessebant,</strong></span> <span class='ocrx_word' id='word_1_202' title='bbox 675 2541 817 2606; x_wconf 80' lang='lat' dir='ltr'><strong>viatores</strong></span> <span class='ocrx_word' id='word_1_203' title='bbox 839 2538 1001 2605; x_wconf 88' lang='lat' dir='ltr'><strong>nominati</strong></span> <span class='ocrx_word' id='word_1_204' title='bbox 1023 2539 1108 2603; x_wconf 89' lang='lat' dir='ltr'><strong>sunt.</strong></span> 
     </span>
     <span class='ocr_line' id='line_1_28' title="bbox 109 2626 1108 2716; baseline -0.002 -24"><span class='ocrx_word' id='word_1_205' title='bbox 109 2626 186 2694; x_wconf 87' lang='lat' dir='ltr'><strong>Num</strong></span> <span class='ocrx_word' id='word_1_206' title='bbox 212 2629 317 2716; x_wconf 83' lang='lat' dir='ltr'><strong>igitur</strong></span> <span class='ocrx_word' id='word_1_207' title='bbox 343 2628 461 2694; x_wconf 88' lang='lat' dir='ltr'><strong>horum</strong></span> <span class='ocrx_word' id='word_1_208' title='bbox 489 2634 636 2694; x_wconf 87' lang='lat' dir='ltr'><strong>senectus</strong></span> <span class='ocrx_word' id='word_1_209' title='bbox 663 2627 859 2693; x_wconf 89' lang='lat' dir='ltr'><strong>miserabilis</strong></span> <span class='ocrx_word' id='word_1_210' title='bbox 886 2627 963 2710; x_wconf 84' lang='lat' dir='ltr'><strong>fuit,</strong></span> <span class='ocrx_word' id='word_1_211' title='bbox 991 2626 1046 2710; x_wconf 91' lang='lat' dir='ltr'><strong>qui</strong></span> <span class='ocrx_word' id='word_1_212' title='bbox 1074 2645 1108 2690; x_wconf 80' lang='lat' dir='ltr'><strong>se</strong></span> 
     </span>
     <span class='ocr_line' id='line_1_29' title="bbox 110 2711 1109 2802; baseline -0.007 -19"><span class='ocrx_word' id='word_1_213' title='bbox 110 2717 173 2801; x_wconf 72' lang='lat' dir='ltr'><strong>agri</strong></span> <span class='ocrx_word' id='word_1_214' title='bbox 185 2717 331 2784; x_wconf 87' lang='lat' dir='ltr'><strong>cultione</strong></span> <span class='ocrx_word' id='word_1_215' title='bbox 344 2715 575 2783; x_wconf 82' lang='lat' dir='ltr'><strong>oblectabant?</strong></span> <span class='ocrx_word' id='word_1_216' title='bbox 605 2716 680 2802; x_wconf 79' lang='lat' dir='ltr'><strong>Mea</strong></span> <span class='ocrx_word' id='word_1_217' title='bbox 698 2715 827 2800; x_wconf 88' lang='lat' dir='ltr'><strong>quidem</strong></span> <span class='ocrx_word' id='word_1_218' title='bbox 846 2714 1006 2780; x_wconf 87' lang='lat' dir='ltr'><strong>sententia</strong></span> <span class='ocrx_word' id='word_1_219' title='bbox 1021 2711 1109 2776; x_wconf 90' lang='lat' dir='ltr'><strong>haud</strong></span> 
     </span>
     <span class='ocr_line' id='line_1_30' title="bbox 110 2795 1109 2890; baseline -0.002 -25"><span class='ocrx_word' id='word_1_220' title='bbox 110 2803 167 2869; x_wconf 88' lang='lat' dir='ltr'><strong>scio</strong></span> <span class='ocrx_word' id='word_1_221' title='bbox 190 2825 233 2870; x_wconf 89' lang='lat' dir='ltr'><strong>an</strong></span> <span class='ocrx_word' id='word_1_222' title='bbox 255 2803 348 2870; x_wconf 88' lang='lat' dir='ltr'><strong>nulla</strong></span> <span class='ocrx_word' id='word_1_223' title='bbox 370 2805 498 2870; x_wconf 88' lang='lat' dir='ltr'><strong>beatior</strong></span> <span class='ocrx_word' id='word_1_224' title='bbox 519 2804 625 2890; x_wconf 88' lang='lat' dir='ltr'><strong>possit</strong></span> <span class='ocrx_word' id='word_1_225' title='bbox 643 2823 723 2888; x_wconf 88' lang='lat' dir='ltr'><strong>esse,</strong></span> <span class='ocrx_word' id='word_1_226' title='bbox 744 2819 849 2886; x_wconf 90' lang='lat' dir='ltr'><strong>neque</strong></span> <span class='ocrx_word' id='word_1_227' title='bbox 867 2801 973 2866; x_wconf 91' lang='lat' dir='ltr'><strong>solum</strong></span> <span class='ocrx_word' id='word_1_228' title='bbox 991 2795 1109 2883; x_wconf 85' lang='lat' dir='ltr'><strong>officio,</strong></span> 
     </span>
     <span class='ocr_line' id='line_1_31' title="bbox 80 2888 1109 2980; baseline -0.004 -25"><span class='ocrx_word' id='word_1_229' title='bbox 80 2891 188 2973; x_wconf 70' lang='lat' dir='ltr'><strong>⁸⁰quod</strong></span> <span class='ocrx_word' id='word_1_230' title='bbox 212 2892 384 2958; x_wconf 91' lang='lat' dir='ltr'><strong>hominum</strong></span> <span class='ocrx_word' id='word_1_231' title='bbox 411 2893 522 2980; x_wconf 79' lang='lat' dir='ltr'><strong>generi</strong></span> <span class='ocrx_word' id='word_1_232' title='bbox 548 2893 699 2957; x_wconf 82' lang='lat' dir='ltr'><strong>universo</strong></span> <span class='ocrx_word' id='word_1_233' title='bbox 727 2891 854 2956; x_wconf 87' lang='lat' dir='ltr'><strong>cultura</strong></span> <span class='ocrx_word' id='word_1_234' title='bbox 881 2909 1036 2973; x_wconf 79' lang='lat' dir='ltr'><strong>agrorum</strong></span> <span class='ocrx_word' id='word_1_235' title='bbox 1058 2888 1109 2952; x_wconf 91' lang='lat' dir='ltr'><strong>est</strong></span> 
     </span>
     <span class='ocr_line' id='line_1_32' title="bbox 110 2975 1109 3065; baseline -0.002 -24"><span class='ocrx_word' id='word_1_236' title='bbox 110 2979 265 3065; x_wconf 85' lang='lat' dir='ltr'><strong>salutaris,</strong></span> <span class='ocrx_word' id='word_1_237' title='bbox 288 2980 344 3045; x_wconf 85' lang='lat' dir='ltr'><strong>sed</strong></span> <span class='ocrx_word' id='word_1_238' title='bbox 362 2983 396 3045; x_wconf 91' lang='lat' dir='ltr'><strong>et</strong></span> <span class='ocrx_word' id='word_1_239' title='bbox 414 2979 635 3064; x_wconf 88' lang='lat' dir='ltr'><strong>delectatione,</strong></span> <span class='ocrx_word' id='word_1_240' title='bbox 654 2981 692 3046; x_wconf 80' lang='lat' dir='ltr'><strong>de</strong></span> <span class='ocrx_word' id='word_1_241' title='bbox 709 3001 773 3064; x_wconf 93' lang='lat' dir='ltr'><strong>qua</strong></span> <span class='ocrx_word' id='word_1_242' title='bbox 787 2977 861 3060; x_wconf 84' lang='lat' dir='ltr'><strong>dixi,</strong></span> <span class='ocrx_word' id='word_1_243' title='bbox 884 2979 917 3042; x_wconf 88' lang='lat' dir='ltr'><strong>et</strong></span> <span class='ocrx_word' id='word_1_244' title='bbox 936 2975 1109 3042; x_wconf 86' lang='lat' dir='ltr'><strong>saturitate</strong></span> 
     </span>
     <span class='ocr_line' id='line_1_33' title="bbox 109 3063 1109 3154; baseline -0.004 -24"><span class='ocrx_word' id='word_1_245' title='bbox 109 3067 258 3152; x_wconf 85' lang='lat' dir='ltr'><strong>copiaque</strong></span> <span class='ocrx_word' id='word_1_246' title='bbox 284 3087 392 3134; x_wconf 86' lang='lat' dir='ltr'><strong>rerum</strong></span> <span class='ocrx_word' id='word_1_247' title='bbox 419 3069 578 3154; x_wconf 88' lang='lat' dir='ltr'><strong>omniurn,</strong></span> <span class='ocrx_word' id='word_1_248' title='bbox 605 3089 688 3152; x_wconf 88' lang='lat' dir='ltr'><strong>quae</strong></span> <span class='ocrx_word' id='word_1_249' title='bbox 720 3067 761 3132; x_wconf 91' lang='lat' dir='ltr'><strong>ad</strong></span> <span class='ocrx_word' id='word_1_250' title='bbox 787 3065 910 3132; x_wconf 86' lang='lat' dir='ltr'><strong>rictum</strong></span> <span class='ocrx_word' id='word_1_251' title='bbox 930 3063 1109 3146; x_wconf 87' lang='lat' dir='ltr'><strong>hominum,</strong></span> 
     </span>
     <span class='ocr_line' id='line_1_34' title="bbox 110 3149 1110 3242; baseline -0.001 -25"><span class='ocrx_word' id='word_1_252' title='bbox 110 3153 146 3217; x_wconf 81' lang='lat' dir='ltr'><strong>sd</strong></span> <span class='ocrx_word' id='word_1_253' title='bbox 166 3155 290 3221; x_wconf 89' lang='lat' dir='ltr'><strong>cultum</strong></span> <span class='ocrx_word' id='word_1_254' title='bbox 313 3155 412 3221; x_wconf 88' lang='lat' dir='ltr'><strong>etiam</strong></span> <span class='ocrx_word' id='word_1_255' title='bbox 435 3157 568 3222; x_wconf 91' lang='lat' dir='ltr'><strong>deornm</strong></span> <span class='ocrx_word' id='word_1_256' title='bbox 590 3156 763 3242; x_wconf 89' lang='lat' dir='ltr'><strong>pertinent,</strong></span> <span class='ocrx_word' id='word_1_257' title='bbox 785 3158 832 3239; x_wconf 91' lang='lat' dir='ltr'><strong>ut,</strong></span> <span class='ocrx_word' id='word_1_258' title='bbox 854 3151 1007 3240; x_wconf 91' lang='lat' dir='ltr'><strong>quoniam</strong></span> <span class='ocrx_word' id='word_1_259' title='bbox 1029 3149 1110 3216; x_wconf 89' lang='lat' dir='ltr'><strong>haec</strong></span> 
     </span>
     <span class='ocr_line' id='line_1_35' title="bbox 110 3237 1110 3331; baseline -0.002 -26"><span class='ocrx_word' id='word_1_260' title='bbox 110 3240 235 3323; x_wconf 88' lang='lat' dir='ltr'><strong>quidam</strong></span> <span class='ocrx_word' id='word_1_261' title='bbox 266 3243 464 3328; x_wconf 90' lang='lat' dir='ltr'><strong>desiderant,</strong></span> <span class='ocrx_word' id='word_1_262' title='bbox 500 3244 535 3308; x_wconf 93' lang='lat' dir='ltr'><strong>in</strong></span> <span class='ocrx_word' id='word_1_263' title='bbox 566 3243 707 3331; x_wconf 79' lang='lat' dir='ltr'><strong>gratiam</strong></span> <span class='ocrx_word' id='word_1_264' title='bbox 738 3243 805 3307; x_wconf 91' lang='lat' dir='ltr'><strong>iam</strong></span> <span class='ocrx_word' id='word_1_265' title='bbox 837 3263 909 3306; x_wconf 90' lang='lat' dir='ltr'><strong>cum</strong></span> <span class='ocrx_word' id='word_1_266' title='bbox 938 3237 1110 3325; x_wconf 64' lang='lat' dir='ltr'><strong>,voluptate</strong></span> 
     </span>
     <span class='ocr_line' id='line_1_36' title="bbox 80 3326 1110 3416; baseline 0.002 -26"><span class='ocrx_word' id='word_1_267' title='bbox 80 3328 282 3396; x_wconf 70' lang='lat' dir='ltr'><strong>credamus.</strong></span> <span class='ocrx_word' id='word_1_268' title='bbox 326 3328 459 3416; x_wconf 83' lang='lat' dir='ltr'><strong>Semper</strong></span> <span class='ocrx_word' id='word_1_269' title='bbox 486 3332 573 3397; x_wconf 90' lang='lat' dir='ltr'><strong>enim</strong></span> <span class='ocrx_word' id='word_1_270' title='bbox 599 3331 677 3397; x_wconf 91' lang='lat' dir='ltr'><strong>boni</strong></span> <span class='ocrx_word' id='word_1_271' title='bbox 704 3329 888 3414; x_wconf 89' lang='lat' dir='ltr'><strong>assiduique</strong></span> <span class='ocrx_word' id='word_1_272' title='bbox 918 3326 1041 3393; x_wconf 91' lang='lat' dir='ltr'><strong>domini</strong></span> <span class='ocrx_word' id='word_1_273' title='bbox 1063 3348 1110 3393; x_wconf 93' lang='lat' dir='ltr'><strong>re·</strong></span> 
     </span>
     <span class='ocr_line' id='line_1_37' title="bbox 110 3411 1109 3505; baseline 0.003 -28"><span class='ocrx_word' id='word_1_274' title='bbox 110 3411 188 3483; x_wconf 87' lang='lat' dir='ltr'><strong>ferta</strong></span> <span class='ocrx_word' id='word_1_275' title='bbox 205 3417 289 3485; x_wconf 86' lang='lat' dir='ltr'><strong>cella</strong></span> <span class='ocrx_word' id='word_1_276' title='bbox 306 3417 440 3505; x_wconf 74' lang='lat' dir='ltr'><strong>vinaria,</strong></span> <span class='ocrx_word' id='word_1_277' title='bbox 463 3420 594 3504; x_wconf 86' lang='lat' dir='ltr'><strong>olearia,</strong></span> <span class='ocrx_word' id='word_1_278' title='bbox 616 3418 716 3484; x_wconf 92' lang='lat' dir='ltr'><strong>etiam</strong></span> <span class='ocrx_word' id='word_1_279' title='bbox 733 3417 867 3504; x_wconf 89' lang='lat' dir='ltr'><strong>penaria</strong></span> <span class='ocrx_word' id='word_1_280' title='bbox 885 3419 945 3501; x_wconf 89' lang='lat' dir='ltr'><strong>est,</strong></span> <span class='ocrx_word' id='word_1_281' title='bbox 966 3415 1109 3501; x_wconf 83' lang='lat' dir='ltr'><strong>villaque</strong></span> 
     </span>
     <span class='ocr_line' id='line_1_38' title="bbox 111 3503 1110 3593; baseline -0.003 -25"><span class='ocrx_word' id='word_1_282' title='bbox 111 3504 177 3570; x_wconf 84' lang='lat' dir='ltr'><strong>tota</strong></span> <span class='ocrx_word' id='word_1_283' title='bbox 193 3505 338 3593; x_wconf 86' lang='lat' dir='ltr'><strong>locuples</strong></span> <span class='ocrx_word' id='word_1_284' title='bbox 356 3510 415 3591; x_wconf 89' lang='lat' dir='ltr'><strong>ost,</strong></span> <span class='ocrx_word' id='word_1_285' title='bbox 438 3507 582 3573; x_wconf 91' lang='lat' dir='ltr'><strong>abundat</strong></span> <span class='ocrx_word' id='word_1_286' title='bbox 599 3528 707 3593; x_wconf 88' lang='lat' dir='ltr'><strong>porco,</strong></span> <span class='ocrx_word' id='word_1_287' title='bbox 725 3507 838 3592; x_wconf 90' lang='lat' dir='ltr'><strong>haedo,</strong></span> <span class='ocrx_word' id='word_1_288' title='bbox 859 3526 954 3593; x_wconf 80' lang='lat' dir='ltr'><strong>agno,</strong></span> <span class='ocrx_word' id='word_1_289' title='bbox 977 3503 1110 3590; x_wconf 81' lang='lat' dir='ltr'><strong>gallina,</strong></span> 
     </span>
    </p>
   </div>
   <div class='ocr_carea' id='block_1_3' title="bbox 0 0 1295 3950">
    <p class='ocr_par' dir='ltr' id='par_1_3' title="bbox 0 0 1295 3950">
     <span class='ocr_line' id='line_1_39' title="bbox 0 0 1295 3950; baseline 0 0"><span class='ocrx_word' id='word_1_290' title='bbox 0 0 1295 3950; x_wconf 95' lang='lat' dir='ltr'><strong> </strong></span> 
     </span>
    </p>
   </div>
  </div>
 </body>
</html>
