2504 3950
364 151 431 210 LIB.
449 151 483 208 Il.
521 151 597 206 CAP.
616 157 730 207 23-25.
767 155 914 218 §St—88.
1097 151 1139 217 87

18 301 19 314 ’
129 318 167 380 ut
191 313 267 380 aliis
287 313 393 397 detur,
415 313 489 379 aliis
512 312 687 396 auferatur,
709 313 847 379 aberant
867 313 902 398 ii,
924 314 980 398 qui
998 334 1068 380 ram
1082 328 1141 400 pu·

128 402 254 468 blicam
266 401 454 484 tuebuntur,
472 400 505 464 in
523 401 701 486 primisque
714 422 847 487 operam
859 401 994 486 dabunt,
1009 406 1049 468 ut
1060 402 1140 468 iuris

127 494 164 556 et
183 490 379 555 iudiciorum
403 489 567 573 aequitate
590 510 685 554 suum
703 489 838 574 quisque
857 493 969 556 teneat
982 494 1020 557 et
1036 511 1141 575 neque

128 579 296 644 tenuiores
319 581 453 662 propter
474 577 694 644 bumilitatem
720 578 1012 645 circumvenientis
1036 599 1140 664 neque

103 684 116 724 ⁵
130 664 351 750 locupletibus
375 665 416 730 ad
435 683 497 730 sua
518 667 572 730 rel
588 665 730 731 tenenda
746 665 799 731 rel
817 667 1036 751 recuperanda
1052 667 1142 732 obsit

129 751 268 839 invidia,
295 756 476 838 praeterea,
500 754 758 838 quibuscumque
784 754 881 819 rebus
906 755 960 819 rel
986 755 1066 819 belli
1088 755 1140 820 vel

130 842 222 908 domi
243 843 407 927 poterunt,
429 842 685 926 rempublicam
706 846 850 927 augeant
871 842 1018 928 imperio,
1043 845 1141 928 agris,

129 929 358 1013 vectigalibus.
402 927 492 994 Haec
519 943 713 1016 magnorum
739 930 908 996 hominurn
939 935 1029 1008 saint,
1060 931 1140 996 haec

130 1018 219 1103 apud
237 1018 378 1082 maiores
394 1020 527 1082 nostros
543 1016 704 1102 factitata,
724 1018 803 1084 haec
822 1030 942 1103 genera
959 1017 1141 1084 officiorum

92 1125 118 1165 rc
131 1106 190 1190 qui
218 1110 468 1190 persequentur,
495 1126 568 1171 cnm
596 1127 723 1172 summa
750 1106 894 1172 utilitate
921 1106 1141 1192 reipublicae

128 1215 186 1260 ma
234 1213 288 1258 am
310 1194 374 1278 ipsi
394 1192 615 1279 adipiscentur
638 1199 671 1259 et
693 1194 835 1281 gratiam
856 1199 892 1260 et
912 1195 1062 1280 gloriam

186 1214 237 1347 id
264 1281 315 1346 his
338 1285 449 1347 autem
473 1282 655 1348 utilitatum
676 1282 858 1368 praeceptis
881 1281 1057 1368 Antipater
1079 1282 1140 1366 Ty·
1158 1300 1192 1350 ss

128 1371 199 1435 rius
217 1367 356 1454 Stoicus,
375 1370 431 1454 qui
443 1367 582 1435 Athenis
600 1389 704 1455 nuper
722 1375 772 1436 est
789 1373 947 1453 mortuus,
969 1370 1031 1435 duo
1050 1391 1141 1454 prae

128 1459 232 1524 terite
251 1462 365 1524 censat
386 1473 456 1523 este
479 1480 499 1524 a
521 1457 690 1542 Panaetio,
717 1457 913 1524 valetudinis
939 1459 1141 1523 curationem

89 1563 115 1604 1⁵
128 1551 164 1611 et
187 1547 356 1632 pecuniae,
379 1567 460 1630 qaas
478 1567 531 1611 res
549 1567 569 1612 a
587 1567 714 1614 summo
731 1546 928 1632 philosopho
946 1546 1140 1632 praeteritas

129 1635 289 1718 arbitror,
317 1635 402 1719 quod
430 1638 538 1700 essent
564 1634 691 1719 faciles,
718 1639 795 1702 sunt
818 1639 904 1700 certe
927 1635 1034 1700 utiles.
1079 1631 1141 1700 Sed

126 1722 285 1789 valetudo
310 1726 516 1788 sustentatur
542 1724 661 1788 notitia
687 1723 737 1788 sui
764 1724 909 1808 corporis
934 1728 969 1789 et
991 1724 1140 1790 observa·

127 1812 235 1894 tione,
265 1832 421 1894 quaeres
449 1816 506 1876 aut
532 1812 686 1897 prodesse
713 1812 842 1876 soleant
869 1816 926 1877 aut
953 1813 1080 1895 obesse,
1108 1816 1141 1876 et

127 1899 333 1964 continentia
355 1899 390 1963 in
412 1899 499 1964 victu
524 1899 612 1964 omni
635 1903 732 1982 atque
755 1899 844 1964 cultu
866 1900 1011 1984 corporis
1029 1898 1142 1964 tuendi

88 2004 114 2045 ω
128 2009 230 2054 causa
262 1986 573 2071 [praetermittendis
603 1986 859 2071 uoluptatibus],
881 1990 1047 2071 postremo
1071 1990 1141 2052 arte

127 2097 260 2154 corum,
297 2097 433 2159 quorum
465 2075 506 2140 ad
539 2075 707 2140 scientiam
738 2075 818 2139 haec
848 2075 1022 2160 pertinent.
1075 2074 1140 2140 Res
1159 2092 1192 2142 87

128 2168 242 2230 autem
261 2163 433 2229 familiaris
451 2163 563 2248 quaeri
581 2163 677 2228 debet
694 2163 735 2227 iis
753 2164 859 2247 rebus,
878 2185 898 2228 a
915 2163 1033 2248 quibus
1046 2162 1142 2228 abest

127 2251 315 2336 turpitudo,
344 2251 528 2316 conservari
551 2254 660 2316 autem
683 2251 854 2337 diligentia
877 2255 910 2316 et
933 2251 1142 2337 parsimonia,

128 2340 254 2405 eisdem
282 2338 381 2404 etiam
407 2339 503 2404 rebus
531 2339 653 2425 augeri.
696 2337 766 2404 Has
798 2361 849 2404 res
882 2339 1141 2405 commodissime

34 2435 38 2444 ’
88 2442 114 2486 rs
128 2427 316 2513 Xenophon
338 2425 520 2492 Socraticus
543 2430 732 2512 persecutus
755 2431 806 2492 est
832 2427 867 2492 in
894 2449 932 2493 eo
959 2427 1058 2505 libro,
1085 2427 1142 2510 qui

128 2515 366 2581 Oeconomicus
393 2515 595 2594 inscribitur,
623 2537 718 2599 quem
745 2536 819 2599 nos,
845 2515 911 2580 ista
937 2514 1005 2580 fere
1033 2519 1141 2580 aetate

128 2626 205 2669 cum
219 2624 377 2686 essemus,
392 2626 456 2687 qua
477 2624 512 2669 es
526 2607 564 2668 tu
577 2624 670 2682 nunc,
684 2626 702 2668 c
716 2601 840 2668 Graeco
853 2603 888 2666 in
901 2601 1054 2668 Latinum
1068 2625 1141 2669 con·

127 2691 298 2757 vertimus
326 2689 389 2756 Sed
405 2695 477 2756 toto
496 2691 557 2756 hoc
572 2690 611 2756 de
626 2712 751 2777 genere,
766 2691 804 2754 dc
819 2691 1011 2774 quaerenda,
1024 2691 1063 2755 de
1077 2691 1141 2755 col·

127 2779 270 2845 locanda
283 2778 427 2864 pecunia,
440 2777 570 2864 (vellem
585 2779 685 2844 etiam
700 2777 738 2842 de
756 2776 890 2861 utenda)
903 2777 1103 2842 commodius
1122 2800 1142 2842 a

88 2884 115 2925 ω
128 2867 327 2952 quibusdam
354 2867 496 2952 optumis
524 2867 603 2931 viris
631 2866 671 2932 ad
694 2864 809 2930 Ianum
836 2864 977 2930 medium
1005 2864 1142 2930 sedenti-

128 2955 193 3020 bus
218 2976 317 3038 quam
340 2954 381 3020 ab
404 2955 481 3020 ullis
504 2953 710 3039 philosophis
728 2952 797 3018 ulla
815 2952 850 3016 in
868 2951 980 3018 schola
998 2953 1141 3037 disputa·

126 3047 192 3108 tur.
239 3040 324 3107 Sunt
345 3047 455 3107 tamen
478 3065 516 3108 ea
538 3042 775 3128 cognoscenda3
803 3041 968 3125 pertinent
991 3041 1077 3105 enim
1100 3039 1141 3106 ad

127 3131 324 3212 utilitatem,
348 3131 387 3195 dc
410 3153 473 3216 qua
495 3130 557 3196 hoc
578 3130 664 3195 libro
689 3129 890 3214 disputatum
913 3132 972 3192 est.

197 3216 261 3283 Sed
283 3218 465 3283 utilitatum
485 3218 696 3303 comparatio,
719 3217 872 3301 quoniam
890 3215 943 3280 hic
961 3216 1051 3281 locus
1070 3218 1142 3281 erat

87 3321 114 3364 ³⁵
128 3311 281 3390 quartus,
309 3328 329 3371 a
355 3304 512 3371 Panaetio
539 3305 801 3389 praetermissus,
833 3325 929 3388 saepe
958 3307 1008 3369 est
1034 3324 1141 3369 neces·

128 3395 226 3460 saria.
271 3391 358 3459 Nam
386 3398 419 3458 et
446 3393 591 3478 corporis
619 3391 789 3458 commoda
819 3412 892 3457 cum
924 3392 1066 3456 externis
1094 3393 1141 3470 [et

128 3486 263 3547 externa
295 3503 368 3548 oum
400 3481 558 3566 corporis]
591 3486 625 3545 ct
655 3481 728 3565 ipsa
758 3479 845 3544 inter
873 3500 909 3544 sa
936 3479 1080 3564 corporis
1107 3479 1141 3541 et
1201 3537 1204 3542 .

1151 3185 1193 3311 it
