2542 3950
157 189 222 254 380
545 185 771 242 FRAGMENTA

11 341 12 344 ¹
83 359 145 418 435
156 350 257 415 Orion
278 349 406 436 fugiens
429 348 634 414 commendat
656 297 793 432 corpoia
815 346 920 411 terris.

157 439 239 504 Turn
263 459 338 503 vero
361 437 447 521 fugit
469 436 689 519 Andromeda,
713 439 747 500 et
768 433 934 518 Neptunia
956 433 1083 498 Pistrix

157 527 241 592 Tota
263 527 359 608 latet,
381 524 466 590 oedit
488 545 643 590 converso
667 543 802 607 corpore
824 520 975 606 Cepheus

155 614 330 678 Extremas
351 612 456 678 medio
480 612 671 696 contingens
694 631 828 695 corpore
849 614 966 674 terras.
1118 627 1169 676 ese

156 703 219 767 Hic
241 706 339 786 eaput
361 705 395 766 et
417 722 550 785 superas
574 701 661 784 potis
685 705 735 764 est
758 698 944 784 demergere
965 701 1095 783 partes,

83 789 266 859 4401nfera
287 790 473 854 lumborum
495 807 671 871 numquam
695 787 874 852 convestiet
895 787 1026 870 umbra3

156 877 242 944 Nam
266 878 407 942 retinent
429 876 552 940 Arctoe
573 877 753 940 lustrantes
775 875 896 938 lumine
919 895 1022 940 suras.

155 966 293 1030 Labitur
314 965 374 1029 illa
396 963 493 1027 simul
517 967 652 1047 gnatam
675 963 848 1028 lacrimosa
869 963 1037 1047 requirens

157 1052 325 1137 Cassiepia
345 1073 450 1135 neque
472 1071 512 1115 ex
534 1051 624 1116 caelo
648 1051 783 1136 depulsa
805 1051 919 1116 decore
1119 1069 1171 1120 eac

156 1141 286 1224 Fertur3
308 1161 384 1205 nam
407 1161 500 1205 verso
524 1139 715 1224 contingens
738 1139 864 1204 vertice
880 1139 1024 1222 primum

83 1237 145 1297 445
158 1229 288 1312 Terras,
310 1233 387 1313 post
409 1228 531 1293 umeris
552 1249 666 1292 eversa
688 1227 762 1293 sede
786 1227 932 1292 refertur.

156 1317 250 1382 Hanc
271 1316 323 1381 illi
344 1317 494 1382 tribuunt
516 1337 655 1400 poenam
678 1314 834 1381 Nereides
856 1316 975 1398 almae,

156 1404 238 1471 Cum
262 1405 390 1489 quibus,
409 1408 447 1469 ut
469 1404 651 1488 perhibent,
674 1425 753 1468 ausa
771 1408 821 1468 est
839 1403 1032 1468 contendere
1051 1403 1171 1471 forma

156 1492 245 1558 Haec
267 1493 338 1559 obit
359 1493 529 1575 inclinata3
552 1496 587 1556 at
609 1514 685 1576 pars
709 1496 821 1556 exorta
844 1489 989 1557 Coronae
1014 1496 1066 1556 est
1119 1511 1170 1560 τοο

157 1580 286 1664 Altera,
309 1603 382 1646 cnm
405 1581 568 1662 caudaque
592 1579 697 1644 omnis
720 1580 786 1644 iam
808 1579 961 1665 panditur
984 1579 1112 1664 Hydra.

83 1673 147 1735 450
157 1668 203 1732 At
226 1672 324 1753 caput
346 1671 379 1731 et
401 1671 508 1731 toturn
531 1687 603 1731 sese
624 1666 807 1732 Centaurus
828 1668 938 1751 opacis

155 1755 266 1840 Eripit
288 1777 305 1820 e
328 1755 472 1820 tenebris
494 1754 643 1838 linquens
666 1756 807 1841 vestigia
828 1778 930 1838 parva

156 1843 361 1929 Antepedum
385 1847 546 1927 contecta,
569 1843 666 1907 simul
690 1865 763 1908 eum
786 1843 908 1908 lumine
930 1843 1045 1928 pandit

155 1933 230 2017 Ipse
251 1931 355 1997 feram
378 1931 491 1996 dextra
513 1931 669 2013 retinens,
691 1933 745 1997 sed
764 1937 882 1996 caetera
903 1933 1010 2014 moeni
1117 1949 1169 2000 ⁷05

155 2021 344 2102 Exspectant
364 2039 456 2084 araas
478 2025 589 2084 orlavu.
622 2019 812 2084 Prolabitur
832 2020 907 2083 inde

156 2106 381 2193 Anguitenens
404 2107 510 2190 capite
533 2111 568 2171 et
589 2107 748 2189 manibus,
770 2107 896 2192 profert
918 2108 1016 2172 simul
1035 2107 1170 2196 Anguis

83 2195 227 2261 4551am
249 2198 347 2278 caput
370 2198 404 2258 et
426 2215 588 2258 murinum
610 2194 693 2259 flexo
717 2195 755 2259 de
778 2216 912 2279 corpore
935 2196 1053 2261 lumen

200 2281 263 2346 Hie
285 2282 341 2347 ille
364 2281 507 2346 exoritur
529 2303 685 2347 converso
708 2303 842 2367 corpore
864 2282 968 2349 Nixus

156 2370 287 2453 Alvum,
305 2391 408 2452 crura,
424 2391 555 2436 umeros
574 2369 670 2434 simul
690 2375 723 2435 et
736 2371 924 2455 praecordia
938 2372 1086 2438 lustrans
1113 2390 1170 2441 '110

155 2458 201 2524 nt
224 2459 338 2522 dextra
359 2457 468 2523 radios
491 2458 577 2524 laeto
601 2481 673 2523 cum
697 2458 818 2523 lumine
840 2459 973 2524 iactans.

156 2545 235 2610 Inde
259 2543 547 2631 Sagittipotens
571 2567 704 2630 superas
727 2569 800 2611 cum
822 2547 926 2612 visere
949 2548 1040 2612 luces

85 2641 147 2698 460
158 2633 295 2716 institit,
320 2635 458 2720 emergit
479 2633 557 2698 Nixi
579 2638 690 2718 eaput,
713 2639 746 2698 et
768 2635 866 2698 simul
889 2635 981 2700 effert

157 2721 234 2787 Sese
257 2722 345 2787 clara
366 2721 461 2786 Fides
484 2726 518 2786 et
539 2722 662 2806 promit
683 2726 813 2807 pectore
837 2720 993 2807 Cepheus.
1031 2775 1040 2788 .

156 2807 310 2874 Fervidus
332 2809 388 2874 ille
412 2808 509 2874 Canis
531 2813 603 2876 toto
626 2832 699 2874 cum
722 2831 856 2894 corpore
879 2810 976 2893 cedit,
1113 2827 1167 2877 'lle

156 2897 298 2962 Abditur
320 2896 433 2981 Orion,
456 2898 527 2963 obit
548 2901 582 2963 et
603 2897 710 2982 Lepus
734 2898 864 2963 abditus
886 2898 1016 2982 umbra,

155 2984 315 3050 Inferiore
337 2986 456 3051 cadunt
478 2985 623 3071 Aurigae
645 2985 770 3051 lumina
792 2987 901 3070 lapsu,

83 3079 145 3138 465
156 3071 239 3139 Crus
263 3072 474 3157 dextrumque
495 3073 609 3159 pedem
632 3074 781 3158 linquens
806 3075 877 3139 obit
899 3073 1003 3139 infera
1024 3073 1166 3141 Perseus

156 3159 196 3225 In
218 3161 302 3245 loca,
323 3166 396 3227 tum
419 3162 533 3227 cedens
556 3184 576 3226 a
597 3162 699 3247 puppi
721 3162 880 3245 linquitur
902 3161 1002 3247 Argo.

199 3247 278 3313 Inde
297 3249 682 3333 obiensoapricornus
701 3249 743 3314 ab
762 3250 831 3314 alto
849 3250 971 3316 lumine
984 3249 1081 3334 pellit
1111 3265 1165 3315 220

157 3333 315 3421 Aurigam
338 3336 578 3421 instantemque
601 3336 750 3422 Capram,
773 3359 891 3422 parvos
914 3336 1011 3402 simul
1031 3336 1164 3404 Haedos

156 3421 204 3486 Et
225 3442 378 3506 magnam
401 3425 535 3507 antiquo
558 3424 692 3508 depellit
714 3424 844 3490 nomine
865 3422 998 3490 Navem

83 3514 148 3573 470
159 3507 315 3572 Obruitur
337 3508 499 3594 Procyon,
522 3514 687 3590 emergunt
710 3512 789 3576 alite
812 3512 906 3597 lapsu
