2578 3950
403 171 480 226 cur.
500 179 541 239 rc,
562 180 602 230 ιτ,
640 179 789 239 §ss-ce.
1035 176 1098 240 183

112 333 201 398 iustae
219 333 393 399 amicorum
412 335 597 399 voluntates
617 332 816 400 adiuvandae
834 335 908 418 sint,
926 335 961 401 in
981 336 1097 420 quibus

113 441 206 486 corum
224 425 280 486 aut
298 426 394 508 caput
413 426 531 506 agatur
550 428 606 488 aut
624 423 721 506 lama,
744 423 968 488 declinandum
987 425 1026 490 de
1045 425 1099 489 via

112 508 157 592 sit,
185 510 277 574 modo
307 531 349 575 ne
377 531 503 574 summa
530 510 698 594 turpitudo
727 515 894 595 sequatur3
926 516 976 576 est
1004 512 1098 596 enim,

111 600 251 679 quatenus
275 597 434 663 amicitiae
458 598 528 662 dari
546 599 640 664 venia
658 599 771 682 possit.
807 597 875 664 Nec
893 621 970 664 vero
989 601 1097 685 negle-

89 685 199 768 rgenda
221 689 271 750 est
291 685 389 769 fama,
411 707 469 751 nec
492 687 652 751 mediocre
674 687 777 750 telum
800 686 841 753 ad
863 708 914 751 res
940 689 1097 772 gerendas

110 772 278 838 existimare
301 777 430 858 oportet
453 774 707 840 benivolentiam
730 775 861 858 civium3
885 796 982 858 quam
1005 776 1098 840 blan·

109 859 182 924 ditiis
204 865 236 926 et
259 861 456 927 adsentando
481 862 635 946 colligere
657 866 752 946 turpe
775 866 839 945 est3
863 862 976 947 virtus,
1001 885 1097 946 quam

108 948 237 1032 sequitur
264 949 395 1032 coritae,
423 949 554 1014 minime
577 950 775 1034 repudianda
797 954 855 1015 est.
901 948 964 1016 Sed
986 949 1097 1036 (saepe
1117 969 1150 1020 62

109 1034 179 1099 enim
201 1037 296 1102 redeo
320 1037 360 1102 ad
381 1033 572 1122 Scipionem,
595 1037 684 1103 cuius
708 1038 812 1102 omnis
836 1060 942 1104 sermo
966 1044 1036 1104 erat
1059 1041 1097 1104 de

80 1121 249 1210 amicitia)
275 1126 478 1209 querebatur,
502 1126 587 1210 quod
610 1126 759 1192 omnibus
782 1126 815 1190 in
835 1127 931 1190 rebus
950 1127 1097 1192 homines

107 1209 315 1296 diligentiores
338 1217 460 1296 essent3
488 1234 603 1298 capras
627 1218 660 1279 et
683 1235 758 1279 oves
782 1218 862 1296 quot
885 1215 1020 1298 quisque
1043 1214 1098 1282 ba·

106 1297 196 1382 beret,
222 1299 328 1365 dicere
350 1322 459 1385 posse,
487 1302 608 1366 amicos
632 1305 712 1385 quot
733 1301 884 1383 haberet,
913 1323 978 1366 non
1001 1324 1097 1387 posse

106 1384 203 1470 dicere,
226 1392 260 1452 et
283 1388 406 1452 inillis
430 1388 558 1472 quidem
576 1389 729 1473 parandis
751 1388 903 1452 adhibere
922 1410 1041 1473 curam,
1064 1391 1099 1454 in

106 1474 202 1540 amicis
234 1475 393 1561 eligendis
425 1475 628 1562 neglegentis
661 1497 730 1540 esse
761 1498 820 1542 nec
852 1476 971 1542 babere
1006 1478 1098 1561 quasi

79 1575 96 1614 1⁵
106 1561 186 1646 lgna
208 1563 369 1648 quaedam
392 1568 425 1628 et
446 1569 551 1648 notae,
574 1564 690 1649 quibua
715 1586 778 1643 eos,
802 1565 857 1649 qui
879 1565 919 1630 ad
938 1565 1097 1631 amicitias

105 1654 198 1716 essent
219 1652 339 1736 idonei,
361 1651 550 1717 iudicarent.
586 1649 668 1718 Sunt
686 1652 788 1738 igitur
804 1653 890 1717 firmi
912 1656 944 1717 et
963 1654 1097 1720 stabiles

105 1741 131 1800 et
154 1743 338 1806 constantes
367 1739 520 1826 eligendi3
550 1740 639 1806 cuius
667 1741 794 1826 generis
822 1745 872 1804 est
900 1763 1019 1827 magna
1045 1763 1098 1826 pe·

104 1826 192 1892 nuria
235 1827 283 1892 Et
309 1827 451 1894 iudicare
479 1827 608 1912 difficile
636 1832 686 1893 est
718 1850 794 1894 sane
821 1828 885 1892 nisi
918 1833 1098 1913 expertum3

105 1915 320 1998 experiendum
352 1920 461 1982 autem
493 1917 603 1998 estin
629 1917 702 1999 ipsa
730 1915 882 1981 amicitia.
926 1915 979 1980 lta
1006 1939 1098 2000 prae-

76 2003 191 2068 ²⁰currit
218 2003 365 2076 amicitia
392 2004 545 2070 iudicium
570 2003 723 2087 tollitque
751 2002 934 2087 experiendi
955 2006 1097 2088 potesta·

103 2092 166 2158 tem.
207 2089 273 2156 msc
300 2091 403 2177 igitur
429 2093 595 2176 prudentis
623 2091 782 2158 sustinere
809 2095 846 2155 ut
876 2113 1019 2175 cursum,
1052 2091 1097 2156 sic
1116 2108 1150 2158 63

103 2174 246 2262 impetum
279 2178 517 2246 benivolentiae
523 2230 532 2265 ,
568 2179 592 2263 †
624 2202 687 2265 quo
720 2183 850 2245 utamur
883 2180 976 2264 quari
1007 2181 1097 2264 equis

103 2266 278 2351 temptatis,
315 2267 361 2334 sic
394 2267 537 2333 amicitia
568 2289 606 2334 ex
640 2268 749 2353 aliqua
779 2271 873 2352 parte
905 2268 1097 2352 periclitatis

103 2354 233 2420 moribus
264 2355 450 2421 amicorum.
496 2354 633 2432 Quidam
661 2377 756 2440 saepe
779 2357 813 2420 in
839 2376 942 2440 parva
963 2357 1111 2440 pecunia.

74 2442 330 2527 aperspiaiuntur
358 2465 456 2528 quam
483 2443 550 2508 sint
576 2443 680 2527 leves,
706 2444 837 2528 quidam
865 2447 989 2527 autem,
1017 2465 1097 2526 quos

102 2549 190 2609 parva
208 2552 340 2599 movere
357 2552 425 2596 non
441 2531 558 2616 potuit,
576 2535 814 2616 cognoscuntur
832 2532 867 2596 in
885 2553 1012 2616 magna.
1042 2529 1099 2595 Sin

102 2621 184 2682 erunt
207 2619 312 2703 aliqui
333 2619 464 2704 reperti,
487 2619 541 2702 qui
564 2619 733 2703 pecuniam
755 2619 918 2703 praeferre
937 2619 1098 2684 amicitiae

102 2705 256 2771 sordidum
279 2707 474 2789 existiment,
497 2706 553 2772 ubi
572 2727 627 2772 eos
645 2706 854 2788 inveniemus,
877 2706 932 2788 qui
950 2707 1098 2789 honores,

100 2795 319 2880 magistratus,
346 2795 495 2882 imperia,
522 2797 716 2880 potestates,
744 2814 820 2879 opes
850 2792 1010 2857 amicitiae
1033 2813 1099 2856 non

73 2885 306 2966 aanteponant,
334 2886 384 2966 ut,
414 2905 487 2949 cum
515 2905 553 2946 ex
581 2883 685 2948 altera
711 2885 805 2966 parte
827 2881 997 2964 proposita
1019 2881 1099 2946 haec

100 2965 169 3054 sint,
197 2992 237 3034 ex
261 2970 364 3035 altera
386 2970 436 3036 ius
460 2969 634 3054 amicitiae,
660 2991 728 3036 non
750 2969 854 3034 multo
877 2968 937 3032 illa
960 2968 1098 3034 malint?

100 3051 249 3124 Inbecilla
281 3057 366 3123 enim
397 3061 447 3122 est
479 3061 597 3123 natura
627 3059 668 3123 ad
695 3057 961 3125 contemnendam
987 3059 1099 3140 poten-

100 3139 184 3229 tiam3
214 3167 311 3229 quam
339 3145 467 3210 etiamsi
492 3147 644 3231 neglecta
672 3146 815 3212 amicitia
837 3144 1001 3210 consecuti
1024 3143 1099 3227 sint,

101 3229 300 3300 obscuratum
317 3233 360 3297 iri
378 3234 589 3318 arbitrantur,
608 3234 685 3318 quia
702 3255 768 3299 non
787 3232 855 3298 sine
870 3252 990 3317 magna
1004 3253 1100 3297 causa

72 3316 138 3380 ³⁵sit
157 3321 308 3406 neglecta
331 3321 482 3390 amicitia.
527 3321 643 3406 Itaque
666 3342 760 3386 verae
789 3319 950 3386 amicitiae
975 3319 1099 3386 difficil-
1120 3334 1153 3384 64

100 3403 167 3470 lime
185 3409 391 3492 reperiuntur
409 3409 444 3474 in
461 3409 511 3494 iis,
530 3411 586 3494 qui
603 3411 638 3475 in
655 3408 833 3474 honoribus
852 3429 950 3493 reque
968 3408 1099 3494 publica

99 3499 275 3581 versantur3
312 3497 368 3562 ubi
405 3497 490 3564 enim
521 3499 622 3563 istum
655 3497 815 3580 invenias,
851 3497 908 3580 qui
942 3497 1097 3561 honorem
