2504 3950
329 165 397 223 ura.
416 166 463 223 111.
492 167 569 222 css.
590 173 632 237 12,
652 175 692 226 ia.
720 174 867 236 sor-sa.
1046 171 1108 236 107

101 331 158 394 est
188 327 290 392 enim
324 328 429 394 aliud
461 331 608 395 erranti
639 331 740 398 viam
770 353 846 398 uon
877 335 1109 415 monstrare,

99 414 199 499 quod
213 415 380 482 Athenis
395 419 729 484 exsecrationibus
747 419 916 505 publicis
936 425 1109 488 sanctum

99 508 171 587 est,
194 503 229 568 si
250 503 324 574 hoc
341 525 415 570 non
434 509 507 589 est,
528 512 739 591 emptorem
758 508 842 592 pati
860 529 968 576 ruere
987 514 1024 574 et
1043 531 1110 594 per
1198 507 1200 516 ‘

99 612 270 656 errorem
293 592 334 656 iu
356 592 562 660 maximam.
577 594 750 660 fraudem
767 595 986 662 incurrere?
1018 596 1108 664 Plus

75 679 217 744 setiam
240 684 302 745 est
323 703 435 765 quam
457 682 558 748 riam
579 703 655 748 non
677 687 909 767 monstrare3
938 706 1023 749 nam
1049 690 1109 750 est

10 817 11 826 ,
100 767 289 834 scientem
306 768 346 832 in
365 789 532 836 errorem
553 771 719 836 alterum
741 770 942 838 inducere?
974 771 1091 858 Dioge
1106 782 1161 848 (55)

99 877 155 920 nes
178 859 308 922 contra:
337 854 448 924 ‘Num
476 861 513 922 te
541 880 663 924 emere
690 860 832 946 coligit,
860 860 925 944 qui
951 881 996 926 ne
1024 861 1109 928 hor·

99 947 204 1008 tatus
238 943 390 1028 quidem
422 947 503 1010 est?
555 944 646 1030 Ille,
678 947 777 1032 quod
808 969 884 1014 non
914 948 1109 1033 placebat,

99 1032 352 1116 proscripsit,
370 1037 425 1117 tu,
447 1033 545 1118 quod
563 1036 758 1120 placebat,
776 1035 915 1102 emisti.
952 1035 1110 1120 Quodsi,

66 1120 164 1203 requi
191 1121 447 1205 proscribunt
473 1121 610 1188 villam
636 1123 774 1190 bonam
805 1125 976 1208 beneque
1008 1126 1109 1191 aedi·

98 1208 274 1292 ficatam,
305 1229 380 1274 non
412 1209 687 1276 existimantur
713 1211 922 1294 fefellisse,
954 1213 1109 1280 etiamsi

97 1296 171 1360 illa
192 1317 262 1362 nec
284 1297 384 1362 bona
406 1301 466 1362 est
482 1319 550 1364 nee
569 1299 780 1364 aedificata
798 1299 963 1382 ratione,
986 1302 1108 1368 multo

98 1385 238 1469 minus,
272 1385 336 1468 qui
363 1385 514 1452 domum
542 1408 619 1452 non
644 1388 863 1454 laudarunt
908 1386 983 1453 Ubi
1011 1389 1109 1454 enim

98 1471 283 1538 iudicium
322 1475 508 1557 emptoris
545 1479 618 1559 est,
653 1475 709 1540 ibi
744 1475 852 1541 fraus
889 1474 1109 1543 venditoris

64 1577 87 1617 1⁵
99 1582 195 1644 quae
213 1561 471 1644 potestesse?
508 1560 574 1628 Sin
592 1568 719 1628 autem
742 1564 885 1630 dietum
908 1585 983 1629 non
1001 1585 1109 1632 omne

97 1647 466 1822 lllllllddpudidl
485 1651 585 1814 ‘titt
602 1651 985 1808 ll.l²tt⁰.tt⁸t.³.‘¹
998 1673 1108 1824 ἓξὲξ

97 1824 345 1892 venditorem
373 1825 454 1890 eius
481 1827 550 1911 rei,
578 1850 688 1912 quam
715 1827 867 1910 vendat,
900 1828 999 1894 vitia
1024 1849 1109 1894 nar·

99 1913 210 1978 rare?
234 1912 326 1996 quid
349 1917 475 1978 autem
497 1917 574 1980 tam
602 1915 820 1997 absurdum,
848 1936 957 1997 quam
986 1915 1019 1980 si
1048 1915 1109 1982 do-

64 1999 192 2066 amini
222 2001 331 2066 iussu
357 2001 414 2066 ita
441 2005 586 2086 praeco
603 2003 816 2088 praedicet:
846 2001 1022 2068 ‘Domum
1047 2023 1109 2087 pe·

99 2089 300 2154 stilentem
327 2087 499 2154 vendo?''
545 2088 598 2156 Sic
621 2111 699 2175 ergo
721 2091 757 2156 iu
779 2089 973 2172 quibusdam
1002 2091 1108 2156 causis
1127 2105 1160 2156 56

99 2176 206 2241 dubiis
228 2198 269 2240 ex
292 2176 396 2242 altera
417 2181 512 2262 parte
536 2177 717 2244 defenditur
740 2177 908 2261 honestas,
937 2199 977 2244 ex
1004 2179 1109 2246 altera

98 2263 146 2329 ita
168 2263 210 2330 de
232 2264 377 2330 utilitate
395 2265 521 2348 dicitur,
542 2271 580 2330 ut
596 2265 639 2350 id,
662 2266 747 2351 quod
765 2266 846 2333 utile
865 2267 1021 2350 rideatur,
1042 2289 1108 2334 nou

99 2352 194 2417 modo
211 2351 318 2418 iacere
336 2351 509 2419 honestum
529 2354 582 2436 sit,
600 2353 657 2419 sed
679 2355 779 2422 etiam
796 2353 986 2422 nonfacere
1004 2359 1107 2439 turpe.

65 2438 187 2506 ²lilaea
211 2443 263 2506 est
284 2439 352 2523 illa,
375 2463 456 2525 quae
480 2440 607 2508 videtur
628 2443 759 2510 utilium
781 2443 852 2510 fieri
870 2464 943 2512 eum
961 2442 1107 2510 honestis

97 2549 195 2612 saepe
218 2528 386 2594 dissensio.
423 2527 511 2604 Quae
534 2529 738 2598 diiudicanda
758 2534 848 2614 sunt3
869 2531 1048 2613 nonenim,
1071 2534 1107 2597 ut

100 2637 341 2700 quaereremus,
363 2618 584 2702 exposuimus,
606 2619 662 2685 sed
684 2624 721 2683 ut
744 2619 986 2703 explicaremus.
1032 2617 1107 2684 Non
1126 2634 1159 2683 57

99 2703 201 2788 igitur
227 2703 357 2770 videtur
382 2725 441 2770 nee
467 2705 699 2772 frumentarius
726 2705 783 2770 ille
805 2705 950 2772 Rhodios
972 2726 1032 2771 nec
1054 2707 1108 2774 hie

99 2792 227 2858 aedium
241 2792 390 2859 venditor
408 2793 512 2860 celare
527 2800 690 2880 emptores
704 2793 862 2860 debuisse.
892 2792 1005 2876 Neque
1021 2794 1107 2860 enim

65 2891 87 2934 ιι
98 2879 131 2944 id
148 2884 201 2946 est
219 2880 333 2965 celare,
351 2880 503 2966 quioquid
520 2883 666 2966 reticeas,
685 2881 741 2948 sed
754 2903 836 2962 cum,
855 2880 941 2966 quod
959 2885 996 2948 tu
1014 2882 1107 2966 scias,

98 2967 130 3032 id
155 2969 310 3054 ignorare
338 2969 549 3038 emolumenti
575 2972 624 3036 tui
647 2991 745 3037 causa
766 2969 848 3034 velis
871 2989 939 3052 eos,
969 2989 1107 3053 quorum

97 3055 228 3122 intersit
252 3056 286 3122 id
308 3057 399 3123 scire.
443 3057 515 3124 Hoc
538 3062 647 3124 autem
670 3058 795 3124 celandi
819 3077 920 3144 genus
944 3059 1040 3141 quale
1063 3057 1106 3122 sit

97 3147 130 3207 et
151 3145 245 3210 cuius
268 3144 424 3230 hominis,
447 3147 519 3230 quis
542 3168 608 3212 non
629 3144 740 3212 ridet?
786 3144 881 3211 Certe
903 3165 970 3212 uon
993 3146 1106 3230 aperti,

97 3252 162 3298 nou
184 3233 353 3318 simplicis,
375 3254 444 3300 non
463 3234 610 3320 ingenui,
635 3255 701 3302 non
723 3233 816 3316 iusti,
842 3253 909 3298 non
935 3232 997 3298 viri
1019 3233 1130 3316 boni,

63 3331 86 3374 a
97 3321 220 3386 versuti
233 3321 354 3406 potius,
367 3321 506 3403 obscuri,
521 3322 631 3404 astuti,
648 3322 785 3404 fallacis,
802 3320 970 3404 malitiosi,
987 3322 1106 3404 callidi,

98 3409 305 3492 veteratoris,
331 3408 425 3476 vafri.
470 3407 560 3476 Haeo
586 3413 638 3476 tot
665 3414 699 3474 et
726 3410 791 3476 alia
813 3409 909 3494 plura
930 3429 1037 3476 nonne
1059 3411 1106 3476 iu·

98 3497 178 3562 utile
200 3502 252 3564 est
272 3497 428 3564 vitiorum
451 3497 561 3564 subire
583 3497 737 3562 uomina?
889 3519 894 3526 ·
