2512 3932
330 179 398 234 LIB.
418 180 439 233 I.
468 179 543 238 OAP.
563 187 659 238 9-11.
687 189 702 249 5
721 189 755 238 30
775 189 853 242 -35,
1052 185 1092 256 13

82 338 223 424 triginta
237 338 364 410 diuam
377 345 485 409 esseut
498 363 571 412 cum
589 341 683 408 hoste
701 343 845 411 indutiae
862 344 978 428 fectae,
994 348 1093 410 noctu

81 427 305 514 populabatur
333 449 444 513 agros,
471 429 557 513 quod
584 429 709 498 dicrum
736 437 845 500 esseut
871 437 999 518 pactae,
1027 455 1094 498 non

80 515 232 587 noctium
258 515 414 584 indutiae.
456 516 510 582 Ne
535 521 647 584 noster
673 518 804 602 quidem
834 521 1032 606 probandus,
1065 521 1093 586 si

79 620 196 674 verum
231 607 283 671 eet
314 602 353 679 Q.
382 603 520 674 Fabium
551 605 735 675 Labeonem
772 629 829 676 seu
863 630 959 694 quem
992 609 1094 676 alium

54 689 180 776 ⁵(nibil
204 691 294 764 enim
316 691 421 760 babeo
443 696 574 778 praeter
596 691 757 780 auditum)
779 695 940 763 arbitrum
954 695 1092 762 Nolanis

79 783 114 846 et
133 778 370 864 Neapolitanis
396 781 436 844 de
461 781 580 852 finibus
606 804 628 848 a
655 786 769 852 acuatu
796 783 922 866 datum,
951 803 1025 852 cum
1052 785 1093 848 ad

79 867 191 934 locum
214 867 372 951 venisset,
397 891 472 938 cum
494 869 640 952 utrisque
663 871 839 956 separatim
867 873 1025 955 locutum,
1052 893 1092 938 ne

79 955 198 1042 cupide
220 955 301 1038 quid
324 961 472 1041 agerent,
493 971 535 1025 ue
558 957 760 1042 adpetentcr,
786 963 883 1044 atque
906 963 943 1026 ut
965 959 1093 1046 regredi

79 1061 180 1127 quam
198 1043 356 1128 progredi
373 1045 518 1114 malleat.
553 1043 591 1113 Id
609 1067 682 1115 cum
700 1047 830 1132 auique
851 1047 1012 1131 fecissent,
1035 1048 1093 1114 ali-

44 1135 244 1215 wquantum
266 1131 340 1216 agei
362 1132 399 1204 im
419 1131 697 1202 mediossrelictum
720 1139 779 1203 est.
818 1134 933 1219 Itaque
958 1137 1091 1202 illorum

78 1218 153 1284 limis
173 1219 234 1303 sic,
252 1221 290 1284 ut
303 1219 538 1304 ipsidixeramt,
554 1221 755 1305 terminavit,
772 1223 808 1288 iu
823 1223 928 1292 medio
942 1224 1092 1288 relictum

79 1307 168 1391 quod
192 1310 275 1389 erac,
297 1309 417 1392 populo
440 1307 588 1375 Romano
612 1309 816 1376 adiudicavit.
852 1310 1009 1395 Decipere
1030 1312 1092 1378 boc

79 1394 215 1478 quidem
243 1399 307 1477 est,
334 1415 400 1464 nom
424 1396 574 1464 iudicare.
620 1395 776 1472 Quocirca
802 1397 953 1466 inomni
980 1403 1093 1463 estre

77 1483 239 1569 fugienda
261 1483 339 1548 talis
361 1484 518 1556 sollertia

44 1587 67 1628 ¹⁵
143 1568 234 1644 Sunt
252 1574 361 1641 autem
374 1572 532 1656 quaedam
546 1571 654 1644 officia
667 1573 766 1640 etiam
781 1573 940 1641 adversus
953 1595 1009 1642 eos
1027 1593 1091 1638 ser·
1103 1571 1140 1637 11

79 1659 201 1742 cauda,
229 1679 251 1730 u
277 1658 394 1742 quibus
420 1660 572 1729 iniuriam
599 1661 769 1746 acceperis
813 1661 876 1734 Est
903 1661 988 1729 enim
1016 1661 1092 1730 ulci-

80 1747 192 1815 scendi
209 1750 245 1812 et
262 1747 415 1832 puniendi·
432 1748 562 1831 modus3
579 1752 677 1832 atque
695 1749 784 1817 haud
801 1750 930 1816 scioan
947 1749 1028 1816 satis
1048 1749 1092 1814 sit

81 1857 163 1919 eum,
188 1834 247 1918 qui
264 1834 452 1918 lacessierit,
470 1836 609 1908 iniuriae
626 1857 703 1902 suae
721 1838 895 1921 paenitere,
915 1841 952 1902 ut
970 1841 1003 1902 ct
1021 1838 1091 1922 ipse

81 1944 120 1990 ue
148 1923 231 2006 quid
257 1923 325 1994 tale
350 1923 487 2008 posthac
508 1928 548 1991 'ot
574 1924 673 1990 ceteri
700 1924 768 1988 sint
789 1925 830 1990 ad
851 1924 1003 1991 iniuriam
1025 1929 1091 1988 tar·

48 2025 71 2068 ²⁰
83 2011 199 2079 diores.
236 2009 346 2094 Atque
364 2011 399 2076 in
416 2012 600 2096 republica
617 2011 756 2078 mammo
775 2011 996 2080 conservanda
1014 2015 1090 2078 sunt
1108 2025 1143 2074 34

82 2099 153 2166 iuro
166 2098 258 2164 belli.
288 2097 374 2169 Nam
388 2121 462 2166 cum
475 2099 543 2166 sint
560 2099 623 2164 duo
642 2120 766 2186 genera
779 2099 973 2184 decertandi,
989 2122 1092 2166 unum

82 2205 139 2272 per
167 2185 450 2272 disceptationem,
482 2187 621 2260 alterum
636 2209 706 2272 per
733 2188 813 2272 vim,
844 2208 979 2273 cumque
1007 2188 1091 2254 illud

82 2274 252 2360 proprium
280 2275 505 2359 sithominis,
536 2275 598 2344 hoc
627 2275 809 2360 beluarum,
840 2276 1089 2362 confugiendum

83 2366 132 2426 est
159 2362 203 2428 ad
232 2363 408 2446 posterius,
439 2363 468 2434 si
493 2363 544 2430 uti
569 2383 635 2430 non
661 2363 738 2429 licet
765 2364 939 2448 superiore.
983 2363 1089 2439 Quare
1108 2377 1141 2426 ³5

47 2465 71 2508 τι
83 2450 287 2534 suscipienda
304 2449 434 2534 quidem
451 2449 540 2521 bella
558 2455 635 2519 sunt
652 2451 694 2518 ob
713 2473 787 2519 eam
803 2474 943 2536 causum,
964 2456 1002 2520 ut
1020 2451 1089 2518 sine

82 2538 201 2607 iniuria
223 2538 259 2604 in
279 2560 359 2622 pace
382 2539 524 2622 vivatur,
549 2543 645 2624 parta
673 2543 782 2606 autem
804 2540 942 2609 victoria
963 2561 1089 2608 conscr-

83 2626 180 2695 vasli
192 2627 226 2709 ii,
245 2626 301 2710 qui
313 2645 379 2695 non
392 2627 536 2696 crudeles
550 2627 586 2694 iu
600 2627 698 2710 bello,
711 2649 778 2700 non
789 2627 936 2695 inmanes
949 2628 1088 2709 fuerunt,

84 2718 120 2778 ut
141 2714 282 2788 maiores
303 2713 410 2780 nostri
431 2713 640 2798 Tusculanos,
662 2713 807 2799 Aequos,
829 2714 976 2797 Volscos,
999 2713 1088 2779 Sabi·

83 2823 156 2885 nos,
177 2801 337 2871 Hernicos
359 2802 397 2869 iu
417 2801 582 2871 civitatem
605 2803 704 2874 etiam
727 2805 931 2886 acceperunt,
951 2805 987 2868 at
1008 2801 1089 2868 Kar-

48 2906 72 2946 w
85 2888 253 2976 tbsginem
275 2893 311 2956 et
328 2889 540 2960 Numantiam
562 2890 706 2961 fiufficus
730 2891 943 2973 susbderunt3
966 2891 1088 2962 nollem

85 2973 290 3061 Corinthum,
315 2978 373 3045 sed
393 2977 489 3048 credo
513 2978 636 3063 aliquid
663 2981 804 3060 secutos,
831 2979 1088 3062 oportunitatem

84 3065 146 3132 loci
171 3087 335 3149 maa-uma
361 3086 402 3133 ne
428 3069 540 3150 posset
563 3066 737 3150 aliquando
760 3067 801 3132 ad
827 3067 949 3136 bellum
971 3066 1088 3135 facieu

85 3153 160 3223 dum
175 3155 266 3222 locus
288 3153 360 3238 ipse
378 3153 553 3221 adhortari.
588 3153 664 3220 Mea
680 3154 809 3238 quidem
828 3154 990 3220 sententio
1007 3154 1089 3238 paci,

86 3262 164 3326 quoe
190 3240 275 3308 nihil
302 3241 455 3308 habitura
482 3242 526 3308 sit
552 3242 755 3327 insidiamm,
785 3263 913 3328 sempor
939 3246 990 3308 est
1016 3264 1089 3312 com-
1148 3307 1149 3312 ,

51 3344 72 3386 ³⁵
86 3329 262 3397 selendum.
295 3327 337 3397 In
353 3351 418 3412 quo
438 3330 466 3394 si
484 3329 564 3397 mibi
583 3334 669 3397 essct
688 3334 957 3416 optemperatum,
975 3330 1005 3398 si
1021 3352 1089 3397 non

86 3421 259 3502 optimam,
281 3420 319 3484 at
340 3417 483 3504 aliquam
505 3439 573 3484 rem
596 3418 768 3502 publicam,
791 3441 873 3503 quae
896 3439 980 3484 nunc
996 3419 1089 3484 nulla

86 3510 147 3588 est,
166 3505 370 3574 haberemus.
414 3505 460 3572 Et
481 3527 556 3574 cum
577 3506 632 3591 iis,
660 3528 741 3592 quos
763 3507 797 3572 vi
820 3505 989 3588 deviceris,
1016 3525 1087 3570 con-
