2504 3950
986 51 999 90 l

313 181 381 237 nna.
399 183 420 239 1.
457 181 534 237 cnr.
553 189 597 254 aa,
614 188 657 240 ιο.
693 191 709 251 s
729 191 876 241 rao-145.
1053 184 1097 250 49

84 345 207 429 lamus,
221 345 270 409 sic
284 343 435 411 definitur
449 367 469 411 a
482 342 615 429 Stoicis,
633 348 670 410 ut
688 345 881 412 modestia
899 346 943 412 sit
962 346 1098 412 scientia

84 454 197 498 rerum
215 453 342 517 earum,
360 455 442 517 quae
460 438 599 520 agentur
616 437 673 499 aut
692 433 847 518 dicentur,
866 435 938 501 loco
957 456 1015 501 suo
1034 435 1098 501 col-

84 521 309 586 locandarum.
353 520 407 586 Ita
433 521 561 588 videtur
588 521 700 587 eadem
721 522 773 586 vis
799 522 921 588 ordinis
945 527 978 589 et
1000 524 1097 589 collo·

85 609 227 674 cationis
250 607 336 692 fore;
358 630 434 675 nam
457 613 491 674 et
513 610 684 676 ordinem
707 609 754 675 sie
776 609 946 676 definiunt:
969 632 1097 697 compo·

63 698 243 763 cainonem
273 719 382 762 rerum
411 697 498 782 aptis
526 703 559 762 et
586 697 837 766 accommodatis
869 699 962 782 locis3
990 701 1096 766 locum

88 789 201 851 autem
231 785 369 850 actionis
400 786 656 870 oportunitatem
685 785 843 871 temporis
872 807 943 851 esse
973 787 1097 871 dieunt;

87 879 218 958 tempus
249 877 360 940 autem
389 874 527 940 actionis
557 878 754 961 oportunum
783 873 905 940 Graece
935 869 1098 959 εὐκαιρία,

88 961 206 1026 Latine
230 962 415 1046 appellatur
438 962 574 1028 occasio.
618 961 671 1027 Sic
693 963 745 1046 fit,
767 966 805 1029 ut
826 962 987 1028 modestia
1008 962 1097 1048 haec,

89 1070 188 1134 quam
214 1049 264 1114 ita
290 1049 552 1135 interpretamur,
579 1054 617 1115 ut
639 1050 719 1134 dixi,
741 1051 877 1117 scientia
900 1052 944 1115 sit
967 1056 1097 1137 oportu-

54 1137 205 1204 unitata
222 1137 413 1204 idoneorum
431 1138 472 1203 ad
490 1138 652 1224 agendum
669 1143 862 1223 temporum.
898 1137 961 1204 Sed
974 1143 1085 1224 potest
1100 1156 1149 1205 143

91 1225 205 1292 eadem
223 1247 295 1292 esse
312 1226 503 1312 prudentiae
522 1227 679 1310 definitio,
703 1225 741 1290 de
760 1247 824 1310 qua
841 1227 1000 1312 principio
1020 1228 1097 1292 dixi·

91 1336 175 1397 mus3
203 1313 267 1380 hoo
289 1318 398 1381 autem
421 1315 493 1381 loco
521 1315 561 1379 de
583 1314 802 1380 moderatione
826 1318 859 1379 et
880 1317 1098 1399 temperantia

92 1406 124 1467 et
136 1401 256 1468 harum
275 1402 437 1470 similibus
456 1402 632 1468 virtutibus
652 1401 846 1487 quaerimus.
877 1401 1000 1486 Itaque,
1015 1424 1096 1487 quae

91 1494 182 1556 erant
209 1490 401 1576 prudentiae
428 1492 574 1576 propria,
602 1511 660 1556 suo
688 1491 760 1556 loco
787 1489 875 1556 dicta
902 1494 991 1574 sunt;
1015 1511 1097 1576 quae

56 1582 201 1644 ¹⁵autcm
223 1578 342 1644 harum
363 1579 535 1663 virtutum,
558 1579 597 1644 de
620 1579 738 1663 quibus
759 1579 826 1643 iam
849 1578 903 1644 diu
926 1579 1097 1664 loquimur,

14 1673 15 1678 ’
93 1688 172 1750 quae
201 1667 366 1751 pertinent
393 1667 434 1732 ad
461 1667 687 1733 verecundiam
714 1671 747 1732 et
774 1668 815 1734 ad
842 1688 953 1732 eorum
982 1689 1097 1753 appro-

92 1755 271 1838 bationem,
294 1755 486 1839 quibuscum
507 1755 661 1839 vivimus,
682 1777 767 1820 nunc
791 1755 924 1820 dicenda
946 1760 1030 1821 sunt.

155 1842 248 1908 'Palis
263 1847 313 1907 est
326 1842 428 1928 igitur
438 1842 517 1909 ordo
532 1843 696 1910 actionum
705 1843 915 1926 adhibendus,
927 1847 973 1928 ut,
987 1866 1083 1928 quem
1099 1857 1150 1909 144

93 1931 132 1996 ad
157 1931 293 1996 modum
318 1930 354 1995 in
376 1931 523 1997 oratione
550 1931 728 2014 constanti,
759 1930 805 1996 sio
831 1931 866 1994 in
892 1931 962 1995 vita
989 1932 1097 1996 omnia

60 2019 157 2084 asine
179 2024 261 2104 apta
282 2018 368 2084 inter
391 2041 425 2084 se
449 2022 482 2084 at
504 2018 742 2100 convenientia3
764 2022 860 2102 turpe
883 2018 969 2082 enim
990 2017 1096 2083 valde-

95 2128 153 2191 que
174 2107 333 2174 vitiosum
355 2107 391 2172 in
412 2128 448 2171 re
471 2128 583 2173 severa
610 2106 758 2174 convivio
782 2105 881 2190 digna
903 2111 960 2170 aut
983 2105 1098 2181 delica-

94 2199 159 2260 tum
184 2195 328 2279 aliquem
354 2193 473 2260 inferre
501 2215 690 2260 sermonem.
735 2193 824 2258 Bene
846 2193 1000 2278 Pericles,
1023 2216 1097 2261 eum

93 2282 227 2350 haberet
245 2282 406 2368 collegam
424 2283 460 2348 in
476 2286 630 2368 praetura
643 2281 837 2366 Sophoclem
855 2286 987 2367 poetam
1009 2282 1096 2368 iique

92 2371 128 2436 dc
160 2371 327 2437 communi
359 2370 466 2436 officio
495 2370 721 2436 convenissent
756 2373 790 2434 et
826 2391 902 2435 casu
932 2369 1096 2436 formosus

59 2472 169 2544 ²⁵puer
196 2458 392 2544 praeteriret
418 2459 615 2543 dixissetque
642 2456 832 2542 Sophocles:
865 2457 909 2522 Ὀ
938 2479 1096 2542 puerum

91 2547 310 2632 pulchrum,
335 2545 515 2612 Periclet'
561 2546 623 2611 ‘At
650 2547 749 2611 enim
772 2548 1005 2630 praetorem,
1032 2544 1096 2634 So-

91 2635 243 2719 phocle,
261 2633 371 2700 decet
387 2656 465 2700 non
482 2635 607 2700 solum
625 2655 774 2717 manus,
791 2634 857 2698 sed
876 2634 993 2698 etiam
1012 2655 1097 2698 ocu·

91 2724 146 2789 los
176 2723 423 2788 abstinentes
450 2721 612 2787 habere?
649 2721 754 2806 Atqui
780 2720 842 2786 hoc
865 2720 950 2786 idem
974 2719 1096 2804 Sopho·

91 2811 154 2876 cles
189 2811 218 2875 si
249 2810 285 2874 in
313 2810 510 2876 athletarum
538 2809 730 2894 probatione
758 2807 904 2891 dixisset,
923 2808 1023 2890 ¹iusta
1050 2829 1097 2872 re·

59 2913 80 2954 ³⁰
91 2898 306 2982 prehensione
319 2898 485 2964 carumset.
512 2896 619 2963 Tanta
631 2897 682 2962 uis
696 2899 746 2963 est
760 2898 794 2962 et
806 2895 871 2961 loci
885 2899 918 2960 et
931 2895 1096 2981 temporis.

90 2985 142 3069 Ut,
165 2987 196 3052 si
219 2987 286 3070 qui,
309 3008 382 3052 eum
404 3007 535 3052 causam
558 2986 603 3051 sit
626 2988 766 3068 acturus,
788 2984 823 3048 in
844 2983 960 3049 itinere
983 2984 1097 3049 autin

91 3074 313 3140 ambulatione
342 3095 450 3139 secum
476 3074 547 3158 ipse
570 3073 753 3156 meditetur,
776 3075 834 3138 aut
856 3071 885 3137 si
908 3071 986 3156 quid
1008 3071 1097 3136 aliud

91 3163 249 3228 attentius
270 3161 407 3246 cogitet,
434 3182 501 3226 non
522 3161 786 3246 reprehendatur,
814 3162 849 3226 at
874 3159 937 3224 hoe
959 3157 1046 3223 idem
1068 3159 1097 3224 si

89 3250 122 3314 in
139 3249 291 3316 convivio
308 3249 425 3332 faciat,
442 3249 638 3315 inhumanus
657 3249 805 3314 videatur
823 3245 953 3312 inscitia
971 3251 1096 3332 tempo-

60 3337 144 3404 aris.
181 3336 246 3404 Sed
269 3359 316 3421 ea,
340 3358 421 3422 quae
444 3338 585 3403 multum
603 3337 644 3402 ab
663 3337 867 3402 humanitate
891 3335 1084 3420 discrepant,
1101 3349 1149 3398 ιιι

92 3430 126 3490 ot
148 3427 178 3491 si
205 3426 263 3510 qui
290 3425 326 3490 in
351 3425 423 3491 foro
447 3428 570 3508 cantet,
598 3429 655 3489 aut
678 3425 706 3490 si
729 3445 794 3508 qua
816 3427 868 3489 est
890 3424 956 3489 alia
978 3445 1098 3506 magna

92 3515 304 3598 perversitas,
327 3512 422 3580 facile
446 3516 584 3598 apparet
604 3533 663 3578 nec
685 3532 883 3597 magnopere
907 3509 1116 3576 admonitio.

144 3625 291 3670 merua
922 3619 939 3664 4
