<?xml version="1.0" encoding="UTF-8"?>
<!DOCTYPE html PUBLIC "-//W3C//DTD XHTML 1.0 Transitional//EN"
    "http://www.w3.org/TR/xhtml1/DTD/xhtml1-transitional.dtd">
<html xmlns="http://www.w3.org/1999/xhtml" xml:lang="en" lang="en">
 <head>
  <title>
</title>
<meta http-equiv="Content-Type" content="text/html;charset=utf-8" />
  <meta name='ocr-system' content='tesseract 3.04.00' />
  <meta name='ocr-capabilities' content='ocr_page ocr_carea ocr_par ocr_line ocrx_word'/>
</head>
<body>
  <div class='ocr_page' id='page_1' title='image "./mtulliiciceroni04mlgoog_0240.png"; bbox 0 0 2578 3950; ppageno 0'>
   <div class='ocr_carea' id='block_1_1' title="bbox 416 181 1117 248">
    <p class='ocr_par' dir='ltr' id='par_1_1' title="bbox 416 181 1117 248">
     <span class='ocr_line' id='line_1_1' title="bbox 416 181 1117 248; baseline 0.014 -12"><span class='ocrx_word' id='word_1_1' title='bbox 416 181 491 238; x_wconf 76' lang='lat' dir='ltr'><strong>cnr.</strong></span> <span class='ocrx_word' id='word_1_2' title='bbox 514 189 624 239; x_wconf 80' lang='lat'><strong>11-18.</strong></span> <span class='ocrx_word' id='word_1_3' title='bbox 661 188 810 248; x_wconf 76' lang='lat' dir='ltr'><strong>sar-rs.</strong></span> <span class='ocrx_word' id='word_1_4' title='bbox 1054 184 1117 248; x_wconf 77' lang='lat'><strong>177</strong></span> 
     </span>
    </p>
   </div>
   <div class='ocr_carea' id='block_1_2' title="bbox 84 340 1177 3667">
    <p class='ocr_par' dir='ltr' id='par_1_2' title="bbox 84 340 1174 2980">
     <span class='ocr_line' id='line_1_2' title="bbox 122 340 1118 429; baseline 0.002 -21"><span class='ocrx_word' id='word_1_5' title='bbox 122 365 246 429; x_wconf 87' lang='lat' dir='ltr'><strong>poenum</strong></span> <span class='ocrx_word' id='word_1_6' title='bbox 261 341 333 408; x_wconf 79' lang='lat' dir='ltr'><strong>Tib.</strong></span> <span class='ocrx_word' id='word_1_7' title='bbox 348 340 487 408; x_wconf 80' lang='lat' dir='ltr'><strong>Gracchi</strong></span> <span class='ocrx_word' id='word_1_8' title='bbox 504 343 730 425; x_wconf 88' lang='lat' dir='ltr'><strong>sustinuimus;</strong></span> <span class='ocrx_word' id='word_1_9' title='bbox 748 343 787 408; x_wconf 87' lang='lat' dir='ltr'><strong>de</strong></span> <span class='ocrx_word' id='word_1_10' title='bbox 802 341 836 410; x_wconf 81' lang='lat' dir='ltr'><strong>O.</strong></span> <span class='ocrx_word' id='word_1_11' title='bbox 851 341 989 410; x_wconf 77' lang='lat' dir='ltr'><strong>Gracchi</strong></span> <span class='ocrx_word' id='word_1_12' title='bbox 1008 348 1118 410; x_wconf 90' lang='lat' dir='ltr'><strong>autem</strong></span> 
     </span>
     <span class='ocr_line' id='line_1_3' title="bbox 122 429 1119 518; baseline 0.002 -22"><span class='ocrx_word' id='word_1_13' title='bbox 122 432 279 497; x_wconf 76' lang='lat' dir='ltr'>tribunatu</span> <span class='ocrx_word' id='word_1_14' title='bbox 303 429 380 516; x_wconf 91' lang='lat' dir='ltr'><strong>quid</strong></span> <span class='ocrx_word' id='word_1_15' title='bbox 402 434 577 517; x_wconf 79' lang='lat' dir='ltr'><strong>expectem,</strong></span> <span class='ocrx_word' id='word_1_16' title='bbox 601 453 667 496; x_wconf 90' lang='lat' dir='ltr'><strong>uon</strong></span> <span class='ocrx_word' id='word_1_17' title='bbox 689 431 781 497; x_wconf 88' lang='lat' dir='ltr'><strong>lubet</strong></span> <span class='ocrx_word' id='word_1_18' title='bbox 803 433 966 518; x_wconf 80' lang='lat' dir='ltr'><strong>augurari.</strong></span> <span class='ocrx_word' id='word_1_19' title='bbox 1011 429 1119 517; x_wconf 87' lang='lat' dir='ltr'><strong>Serpit</strong></span> 
     </span>
     <span class='ocr_line' id='line_1_4' title="bbox 122 518 1119 604; baseline 0.001 -20"><span class='ocrx_word' id='word_1_20' title='bbox 122 518 268 600; x_wconf 88' lang='lat' dir='ltr'><strong>†deindc</strong></span> <span class='ocrx_word' id='word_1_21' title='bbox 292 540 353 602; x_wconf 86' lang='lat' dir='ltr'><strong>res,</strong></span> <span class='ocrx_word' id='word_1_22' title='bbox 377 540 458 603; x_wconf 91' lang='lat' dir='ltr'><strong>quae</strong></span> <span class='ocrx_word' id='word_1_23' title='bbox 473 519 634 604; x_wconf 83' lang='lat' dir='ltr'><strong>¹proclivis</strong></span> <span class='ocrx_word' id='word_1_24' title='bbox 658 519 699 585; x_wconf 88' lang='lat' dir='ltr'><strong>ad</strong></span> <span class='ocrx_word' id='word_1_25' title='bbox 720 519 903 604; x_wconf 89' lang='lat' dir='ltr'><strong>perniciem,</strong></span> <span class='ocrx_word' id='word_1_26' title='bbox 926 542 999 586; x_wconf 88' lang='lat' dir='ltr'><strong>cum</strong></span> <span class='ocrx_word' id='word_1_27' title='bbox 1017 521 1119 585; x_wconf 89' lang='lat' dir='ltr'><strong>semel</strong></span> 
     </span>
     <span class='ocr_line' id='line_1_5' title="bbox 124 605 1118 760; baseline 0.002 -88"><span class='ocrx_word' id='word_1_28' title='bbox 124 606 389 760; x_wconf 54' lang='lat' dir='ltr'><strong>citelist&#39;tdaiihm</strong></span> <span class='ocrx_word' id='word_1_29' title='bbox 432 605 787 760; x_wconf 51' lang='lat' dir='ltr'><strong>Videtiship).tub‹ellla</strong></span> <span class='ocrx_word' id='word_1_30' title='bbox 808 607 883 759; x_wconf 68' lang='lat' dir='ltr'><strong>imp⁸</strong></span> <span class='ocrx_word' id='word_1_31' title='bbox 898 612 972 709; x_wconf 77' lang='lat' dir='ltr'><strong>ante</strong></span> <span class='ocrx_word' id='word_1_32' title='bbox 997 613 1118 693; x_wconf 87' lang='lat' dir='ltr'><strong>quanta</strong></span> 
     </span>
     <span class='ocr_line' id='line_1_6' title="bbox 101 701 1119 870; baseline 0.001 -23"><span class='ocrx_word' id='word_1_33' title='bbox 101 710 336 867; x_wconf 55' lang='lat' dir='ltr'><strong>⁶piloataieiassid</strong></span> <span class='ocrx_word' id='word_1_34' title='bbox 354 715 732 850; x_wconf 53' lang='lat' dir='ltr'><strong>estiiridrliemiamavildlddr</strong></span> <span class='ocrx_word' id='word_1_35' title='bbox 748 717 982 870; x_wconf 62' lang='lat' dir='ltr'><strong>eiiiipuldiiimii³</strong></span> <span class='ocrx_word' id='word_1_36' title='bbox 1005 701 1119 850; x_wconf 44' lang='grc' dir='ltr'><strong>ἓξὲξ</strong></span> 
     </span>
     <span class='ocr_line' id='line_1_7' title="bbox 121 870 1119 958; baseline 0 -22"><span class='ocrx_word' id='word_1_37' title='bbox 121 871 320 954; x_wconf 83' lang='lat' dir='ltr'><strong>disiunctum,</strong></span> <span class='ocrx_word' id='word_1_38' title='bbox 356 870 575 940; x_wconf 88' lang='lat' dir='ltr'><strong>multitudinis</strong></span> <span class='ocrx_word' id='word_1_39' title='bbox 611 872 749 937; x_wconf 88' lang='lat' dir='ltr'><strong>arbitrio</strong></span> <span class='ocrx_word' id='word_1_40' title='bbox 780 893 832 938; x_wconf 87' lang='lat' dir='ltr'><strong>res</strong></span> <span class='ocrx_word' id='word_1_41' title='bbox 865 873 1023 938; x_wconf 83' lang='lat' dir='ltr'><strong>maximas</strong></span> <span class='ocrx_word' id='word_1_42' title='bbox 1055 874 1119 958; x_wconf 81' lang='lat' dir='ltr'><strong>agi.</strong></span> 
     </span>
     <span class='ocr_line' id='line_1_8' title="bbox 118 957 1119 1044; baseline 0.002 -22"><span class='ocrx_word' id='word_1_43' title='bbox 118 957 224 1026; x_wconf 84' lang='lat' dir='ltr'><strong>Plures</strong></span> <span class='ocrx_word' id='word_1_44' title='bbox 258 959 344 1026; x_wconf 87' lang='lat' dir='ltr'><strong>onim</strong></span> <span class='ocrx_word' id='word_1_45' title='bbox 376 958 516 1043; x_wconf 76' lang='lat' dir='ltr'><strong>discent,</strong></span> <span class='ocrx_word' id='word_1_46' title='bbox 556 981 652 1044; x_wconf 88' lang='lat' dir='ltr'><strong>quem</strong></span> <span class='ocrx_word' id='word_1_47' title='bbox 683 960 725 1024; x_wconf 89' lang='lat' dir='ltr'><strong>ad</strong></span> <span class='ocrx_word' id='word_1_48' title='bbox 755 961 887 1026; x_wconf 89' lang='lat' dir='ltr'><strong>modum</strong></span> <span class='ocrx_word' id='word_1_49' title='bbox 918 959 998 1026; x_wconf 88' lang='lat' dir='ltr'><strong>haec</strong></span> <span class='ocrx_word' id='word_1_50' title='bbox 1029 960 1119 1042; x_wconf 87' lang='lat' dir='ltr'><strong>fiunt,</strong></span> 
     </span>
     <span class='ocr_line' id='line_1_9' title="bbox 120 1045 1172 1131; baseline -0.001 -19"><span class='ocrx_word' id='word_1_51' title='bbox 120 1069 209 1130; x_wconf 88' lang='lat' dir='ltr'><strong>quam</strong></span> <span class='ocrx_word' id='word_1_52' title='bbox 228 1068 325 1131; x_wconf 87' lang='lat' dir='ltr'><strong>quern</strong></span> <span class='ocrx_word' id='word_1_53' title='bbox 344 1046 534 1114; x_wconf 86' lang='lat' dir='ltr'><strong>admodum</strong></span> <span class='ocrx_word' id='word_1_54' title='bbox 552 1048 592 1112; x_wconf 91' lang='lat' dir='ltr'><strong>iis</strong></span> <span class='ocrx_word' id='word_1_55' title='bbox 616 1047 796 1114; x_wconf 85' lang='lat' dir='ltr'><strong>resistatur.</strong></span> <span class='ocrx_word' id='word_1_56' title='bbox 833 1045 994 1124; x_wconf 82' lang='lat' dir='ltr'><strong>Quorsum</strong></span> <span class='ocrx_word' id='word_1_57' title='bbox 1017 1047 1119 1114; x_wconf 77' lang='lat' dir='ltr'><strong>hacc?</strong></span> <span class='ocrx_word' id='word_1_58' title='bbox 1138 1064 1172 1112; x_wconf 78' lang='lat'><strong>42</strong></span> 
     </span>
     <span class='ocr_line' id='line_1_10' title="bbox 87 1133 1120 1220; baseline 0.001 -20"><span class='ocrx_word' id='word_1_59' title='bbox 87 1133 194 1210; x_wconf 83' lang='lat' dir='ltr'><strong>¹⁰Quiu</strong></span> <span class='ocrx_word' id='word_1_60' title='bbox 216 1135 287 1200; x_wconf 87' lang='lat' dir='ltr'><strong>sina</strong></span> <span class='ocrx_word' id='word_1_61' title='bbox 311 1133 406 1202; x_wconf 91' lang='lat' dir='ltr'><strong>sociis</strong></span> <span class='ocrx_word' id='word_1_62' title='bbox 429 1156 524 1201; x_wconf 88' lang='lat' dir='ltr'><strong>uerno</strong></span> <span class='ocrx_word' id='word_1_63' title='bbox 548 1137 720 1220; x_wconf 88' lang='lat' dir='ltr'><strong>quicquam</strong></span> <span class='ocrx_word' id='word_1_64' title='bbox 742 1136 809 1202; x_wconf 85' lang='lat' dir='ltr'><strong>tale</strong></span> <span class='ocrx_word' id='word_1_65' title='bbox 837 1140 981 1201; x_wconf 89' lang='lat' dir='ltr'><strong>conatur.</strong></span> <span class='ocrx_word' id='word_1_66' title='bbox 1025 1135 1120 1201; x_wconf 86' lang='lat' dir='ltr'><strong>Prae·</strong></span> 
     </span>
     <span class='ocr_line' id='line_1_11' title="bbox 118 1223 1120 1309; baseline -0.001 -21"><span class='ocrx_word' id='word_1_67' title='bbox 118 1223 296 1308; x_wconf 89' lang='lat' dir='ltr'><strong>cipicndum</strong></span> <span class='ocrx_word' id='word_1_68' title='bbox 319 1227 370 1288; x_wconf 87' lang='lat' dir='ltr'><strong>cst</strong></span> <span class='ocrx_word' id='word_1_69' title='bbox 392 1223 493 1309; x_wconf 79' lang='lat' dir='ltr'><strong>igitur</strong></span> <span class='ocrx_word' id='word_1_70' title='bbox 515 1223 620 1309; x_wconf 90' lang='lat' dir='ltr'><strong>bonis,</strong></span> <span class='ocrx_word' id='word_1_71' title='bbox 643 1228 688 1308; x_wconf 90' lang='lat' dir='ltr'><strong>ut,</strong></span> <span class='ocrx_word' id='word_1_72' title='bbox 712 1223 797 1288; x_wconf 88' lang='lat' dir='ltr'><strong>siin</strong></span> <span class='ocrx_word' id='word_1_73' title='bbox 820 1224 888 1289; x_wconf 87' lang='lat' dir='ltr'><strong>eius</strong></span> <span class='ocrx_word' id='word_1_74' title='bbox 907 1224 995 1289; x_wconf 90' lang='lat' dir='ltr'><strong>modi</strong></span> <span class='ocrx_word' id='word_1_75' title='bbox 1014 1224 1120 1289; x_wconf 88' lang='lat' dir='ltr'><strong>amici·</strong></span> 
     </span>
     <span class='ocr_line' id='line_1_12' title="bbox 118 1311 1121 1397; baseline 0 -21"><span class='ocrx_word' id='word_1_76' title='bbox 118 1311 175 1376; x_wconf 90' lang='lat' dir='ltr'><strong>tias</strong></span> <span class='ocrx_word' id='word_1_77' title='bbox 202 1311 312 1397; x_wconf 80' lang='lat' dir='ltr'><strong>ignari</strong></span> <span class='ocrx_word' id='word_1_78' title='bbox 339 1332 414 1378; x_wconf 87' lang='lat' dir='ltr'><strong>casu</strong></span> <span class='ocrx_word' id='word_1_79' title='bbox 442 1311 552 1396; x_wconf 89' lang='lat' dir='ltr'><strong>aliquo</strong></span> <span class='ocrx_word' id='word_1_80' title='bbox 578 1311 763 1395; x_wconf 75' lang='lat' dir='ltr'><strong>inciderint,</strong></span> <span class='ocrx_word' id='word_1_81' title='bbox 791 1332 832 1374; x_wconf 89' lang='lat' dir='ltr'><strong>ne</strong></span> <span class='ocrx_word' id='word_1_82' title='bbox 860 1311 1046 1378; x_wconf 85' lang='lat' dir='ltr'><strong>existiment</strong></span> <span class='ocrx_word' id='word_1_83' title='bbox 1073 1312 1121 1376; x_wconf 86' lang='lat' dir='ltr'><strong>ita</strong></span> 
     </span>
     <span class='ocr_line' id='line_1_13' title="bbox 118 1397 1121 1485; baseline -0.002 -21"><span class='ocrx_word' id='word_1_84' title='bbox 118 1420 149 1464; x_wconf 87' lang='lat' dir='ltr'><strong>se</strong></span> <span class='ocrx_word' id='word_1_85' title='bbox 170 1400 336 1485; x_wconf 84' lang='lat' dir='ltr'><strong>alligatos,</strong></span> <span class='ocrx_word' id='word_1_86' title='bbox 358 1404 396 1464; x_wconf 93' lang='lat' dir='ltr'><strong>ut</strong></span> <span class='ocrx_word' id='word_1_87' title='bbox 419 1400 459 1464; x_wconf 89' lang='lat' dir='ltr'><strong>ab</strong></span> <span class='ocrx_word' id='word_1_88' title='bbox 484 1400 595 1466; x_wconf 87' lang='lat' dir='ltr'><strong>amicis</strong></span> <span class='ocrx_word' id='word_1_89' title='bbox 618 1399 652 1464; x_wconf 88' lang='lat' dir='ltr'><strong>iu</strong></span> <span class='ocrx_word' id='word_1_90' title='bbox 672 1420 791 1484; x_wconf 82' lang='lat' dir='ltr'><strong>magna</strong></span> <span class='ocrx_word' id='word_1_91' title='bbox 809 1397 919 1482; x_wconf 85' lang='lat' dir='ltr'><strong>aliqua</strong></span> <span class='ocrx_word' id='word_1_92' title='bbox 937 1399 1121 1483; x_wconf 83' lang='lat' dir='ltr'><strong>republica</strong></span> 
     </span>
     <span class='ocr_line' id='line_1_14' title="bbox 117 1486 1120 1573; baseline -0.003 -21"><span class='ocrx_word' id='word_1_93' title='bbox 117 1487 322 1571; x_wconf 77' lang='lat' dir='ltr'><strong>peccantibus</strong></span> <span class='ocrx_word' id='word_1_94' title='bbox 344 1509 410 1552; x_wconf 88' lang='lat' dir='ltr'><strong>non</strong></span> <span class='ocrx_word' id='word_1_95' title='bbox 430 1486 608 1571; x_wconf 86' lang='lat' dir='ltr'><strong>discedant;</strong></span> <span class='ocrx_word' id='word_1_96' title='bbox 630 1487 777 1573; x_wconf 87' lang='lat' dir='ltr'><strong>inprobis</strong></span> <span class='ocrx_word' id='word_1_97' title='bbox 801 1489 909 1552; x_wconf 89' lang='lat' dir='ltr'><strong>autem</strong></span> <span class='ocrx_word' id='word_1_98' title='bbox 932 1507 1037 1572; x_wconf 88' lang='lat' dir='ltr'><strong>poena</strong></span> <span class='ocrx_word' id='word_1_99' title='bbox 1057 1490 1120 1550; x_wconf 90' lang='lat' dir='ltr'><strong>sta·</strong></span> 
     </span>
     <span class='ocr_line' id='line_1_15' title="bbox 86 1574 1121 1662; baseline -0.003 -22"><span class='ocrx_word' id='word_1_100' title='bbox 86 1589 106 1630; x_wconf 79' lang='lat'><strong>15</strong></span> <span class='ocrx_word' id='word_1_101' title='bbox 118 1575 232 1642; x_wconf 88' lang='lat' dir='ltr'><strong>tuenda</strong></span> <span class='ocrx_word' id='word_1_102' title='bbox 256 1578 315 1658; x_wconf 90' lang='lat' dir='ltr'><strong>est,</strong></span> <span class='ocrx_word' id='word_1_103' title='bbox 337 1597 395 1640; x_wconf 91' lang='lat' dir='ltr'><strong>nec</strong></span> <span class='ocrx_word' id='word_1_104' title='bbox 417 1597 494 1642; x_wconf 82' lang='lat' dir='ltr'><strong>vero</strong></span> <span class='ocrx_word' id='word_1_105' title='bbox 517 1576 624 1641; x_wconf 88' lang='lat' dir='ltr'><strong>minor</strong></span> <span class='ocrx_word' id='word_1_106' title='bbox 645 1575 695 1662; x_wconf 91' lang='lat' dir='ltr'><strong>iis,</strong></span> <span class='ocrx_word' id='word_1_107' title='bbox 721 1574 776 1661; x_wconf 91' lang='lat' dir='ltr'><strong>qui</strong></span> <span class='ocrx_word' id='word_1_108' title='bbox 800 1574 900 1642; x_wconf 88' lang='lat' dir='ltr'><strong>secuti</strong></span> <span class='ocrx_word' id='word_1_109' title='bbox 924 1579 1019 1640; x_wconf 88' lang='lat' dir='ltr'><strong>erunt</strong></span> <span class='ocrx_word' id='word_1_110' title='bbox 1042 1574 1121 1639; x_wconf 88' lang='lat' dir='ltr'><strong>alte-</strong></span> 
     </span>
     <span class='ocr_line' id='line_1_16' title="bbox 117 1661 1120 1749; baseline -0.003 -21"><span class='ocrx_word' id='word_1_111' title='bbox 117 1686 193 1746; x_wconf 90' lang='lat' dir='ltr'><strong>rum,</strong></span> <span class='ocrx_word' id='word_1_112' title='bbox 216 1685 315 1748; x_wconf 89' lang='lat' dir='ltr'><strong>quam</strong></span> <span class='ocrx_word' id='word_1_113' title='bbox 334 1662 383 1747; x_wconf 88' lang='lat' dir='ltr'><strong>iis,</strong></span> <span class='ocrx_word' id='word_1_114' title='bbox 407 1662 462 1749; x_wconf 92' lang='lat' dir='ltr'><strong>qui</strong></span> <span class='ocrx_word' id='word_1_115' title='bbox 478 1663 544 1748; x_wconf 89' lang='lat' dir='ltr'><strong>ipsi</strong></span> <span class='ocrx_word' id='word_1_116' title='bbox 561 1662 682 1728; x_wconf 88' lang='lat' dir='ltr'><strong>fuerint</strong></span> <span class='ocrx_word' id='word_1_117' title='bbox 699 1663 878 1749; x_wconf 87' lang='lat' dir='ltr'><strong>impietatis</strong></span> <span class='ocrx_word' id='word_1_118' title='bbox 900 1663 1005 1729; x_wconf 90' lang='lat' dir='ltr'><strong>duces.</strong></span> <span class='ocrx_word' id='word_1_119' title='bbox 1041 1661 1120 1738; x_wconf 82' lang='lat' dir='ltr'><strong>Quis</strong></span> 
     </span>
     <span class='ocr_line' id='line_1_17' title="bbox 117 1749 1121 1837; baseline -0.003 -21"><span class='ocrx_word' id='word_1_120' title='bbox 117 1752 231 1816; x_wconf 90' lang='lat' dir='ltr'><strong>clarior</strong></span> <span class='ocrx_word' id='word_1_121' title='bbox 259 1752 294 1815; x_wconf 93' lang='lat' dir='ltr'><strong>in</strong></span> <span class='ocrx_word' id='word_1_122' title='bbox 321 1749 456 1816; x_wconf 80' lang='lat' dir='ltr'><strong>Graecia</strong></span> <span class='ocrx_word' id='word_1_123' title='bbox 483 1750 715 1836; x_wconf 83' lang='lat' dir='ltr'><strong>Themistocle,</strong></span> <span class='ocrx_word' id='word_1_124' title='bbox 747 1752 819 1835; x_wconf 88' lang='lat' dir='ltr'><strong>quis</strong></span> <span class='ocrx_word' id='word_1_125' title='bbox 846 1751 1033 1837; x_wconf 77' lang='lat' dir='ltr'><strong>potentior?</strong></span> <span class='ocrx_word' id='word_1_126' title='bbox 1066 1751 1121 1834; x_wconf 89' lang='lat' dir='ltr'><strong>qui</strong></span> 
     </span>
     <span class='ocr_line' id='line_1_18' title="bbox 116 1837 1121 1924; baseline -0.005 -18"><span class='ocrx_word' id='word_1_127' title='bbox 116 1861 184 1906; x_wconf 89' lang='lat' dir='ltr'><strong>cum</strong></span> <span class='ocrx_word' id='word_1_128' title='bbox 207 1840 387 1924; x_wconf 89' lang='lat' dir='ltr'><strong>imperator</strong></span> <span class='ocrx_word' id='word_1_129' title='bbox 409 1839 497 1904; x_wconf 88' lang='lat' dir='ltr'><strong>bello</strong></span> <span class='ocrx_word' id='word_1_130' title='bbox 520 1838 650 1905; x_wconf 88' lang='lat' dir='ltr'><strong>Persico</strong></span> <span class='ocrx_word' id='word_1_131' title='bbox 674 1839 830 1904; x_wconf 82' lang='lat' dir='ltr'><strong>servitute</strong></span> <span class='ocrx_word' id='word_1_132' title='bbox 851 1838 1020 1905; x_wconf 82' lang='lat' dir='ltr'><strong>Graeciam</strong></span> <span class='ocrx_word' id='word_1_133' title='bbox 1043 1837 1121 1902; x_wconf 91' lang='lat' dir='ltr'><strong>lihe-</strong></span> 
     </span>
     <span class='ocr_line' id='line_1_19' title="bbox 116 1926 1122 2012; baseline -0.004 -20"><span class='ocrx_word' id='word_1_134' title='bbox 116 1928 253 1993; x_wconf 80' lang='lat' dir='ltr'><strong>ravisset</strong></span> <span class='ocrx_word' id='word_1_135' title='bbox 266 1930 462 2012; x_wconf 86' lang='lat' dir='ltr'><strong>propterque</strong></span> <span class='ocrx_word' id='word_1_136' title='bbox 477 1927 632 1994; x_wconf 83' lang='lat' dir='ltr'><strong>invidiam</strong></span> <span class='ocrx_word' id='word_1_137' title='bbox 651 1926 835 1992; x_wconf 84' lang='lat' dir='ltr'><strong>inexilium</strong></span> <span class='ocrx_word' id='word_1_138' title='bbox 855 1927 1006 2010; x_wconf 85' lang='lat' dir='ltr'><strong>expulsus</strong></span> <span class='ocrx_word' id='word_1_139' title='bbox 1027 1929 1122 2007; x_wconf 87' lang='lat' dir='ltr'><strong>esset,</strong></span> 
     </span>
     <span class='ocr_line' id='line_1_20' title="bbox 84 2012 1121 2102; baseline -0.005 -22"><span class='ocrx_word' id='word_1_140' title='bbox 84 2031 106 2072; x_wconf 78' lang='lat'><strong>²⁰</strong></span> <span class='ocrx_word' id='word_1_141' title='bbox 117 2015 263 2102; x_wconf 80' lang='lat' dir='ltr'><strong>ingratae</strong></span> <span class='ocrx_word' id='word_1_142' title='bbox 280 2014 408 2100; x_wconf 82' lang='lat' dir='ltr'><strong>patriae</strong></span> <span class='ocrx_word' id='word_1_143' title='bbox 426 2015 577 2082; x_wconf 90' lang='lat' dir='ltr'><strong>iniuriam</strong></span> <span class='ocrx_word' id='word_1_144' title='bbox 595 2037 660 2080; x_wconf 90' lang='lat' dir='ltr'><strong>non</strong></span> <span class='ocrx_word' id='word_1_145' title='bbox 679 2014 766 2097; x_wconf 92' lang='lat' dir='ltr'><strong>tulit,</strong></span> <span class='ocrx_word' id='word_1_146' title='bbox 784 2036 881 2098; x_wconf 88' lang='lat' dir='ltr'><strong>quam</strong></span> <span class='ocrx_word' id='word_1_147' title='bbox 900 2012 985 2078; x_wconf 85' lang='lat' dir='ltr'><strong>ferre</strong></span> <span class='ocrx_word' id='word_1_148' title='bbox 1001 2013 1121 2094; x_wconf 87' lang='lat' dir='ltr'><strong>debuit,</strong></span> 
     </span>
     <span class='ocr_line' id='line_1_21' title="bbox 116 2099 1121 2187; baseline -0.005 -20"><span class='ocrx_word' id='word_1_149' title='bbox 116 2102 189 2168; x_wconf 85' lang='lat' dir='ltr'><strong>iecit</strong></span> <span class='ocrx_word' id='word_1_150' title='bbox 206 2103 303 2184; x_wconf 89' lang='lat' dir='ltr'><strong>idem,</strong></span> <span class='ocrx_word' id='word_1_151' title='bbox 322 2103 407 2186; x_wconf 92' lang='lat' dir='ltr'><strong>quod</strong></span> <span class='ocrx_word' id='word_1_152' title='bbox 425 2125 467 2167; x_wconf 82' lang='lat' dir='ltr'><strong>xx</strong></span> <span class='ocrx_word' id='word_1_153' title='bbox 485 2104 578 2170; x_wconf 85' lang='lat' dir='ltr'><strong>annis</strong></span> <span class='ocrx_word' id='word_1_154' title='bbox 597 2107 673 2168; x_wconf 85' lang='lat' dir='ltr'><strong>aute</strong></span> <span class='ocrx_word' id='word_1_155' title='bbox 692 2102 776 2187; x_wconf 89' lang='lat' dir='ltr'><strong>apud</strong></span> <span class='ocrx_word' id='word_1_156' title='bbox 795 2123 854 2166; x_wconf 89' lang='lat' dir='ltr'><strong>nos</strong></span> <span class='ocrx_word' id='word_1_157' title='bbox 872 2100 994 2168; x_wconf 83' lang='lat' dir='ltr'><strong>feceret</strong></span> <span class='ocrx_word' id='word_1_158' title='bbox 1012 2099 1121 2167; x_wconf 82' lang='lat' dir='ltr'><strong>Corio·</strong></span> 
     </span>
     <span class='ocr_line' id='line_1_22' title="bbox 116 2189 1121 2275; baseline -0.001 -21"><span class='ocrx_word' id='word_1_159' title='bbox 116 2190 216 2256; x_wconf 86' lang='lat' dir='ltr'><strong>lanus.</strong></span> <span class='ocrx_word' id='word_1_160' title='bbox 253 2189 315 2256; x_wconf 88' lang='lat' dir='ltr'><strong>His</strong></span> <span class='ocrx_word' id='word_1_161' title='bbox 334 2190 463 2256; x_wconf 89' lang='lat' dir='ltr'><strong>adiutor</strong></span> <span class='ocrx_word' id='word_1_162' title='bbox 481 2195 595 2257; x_wconf 88' lang='lat' dir='ltr'><strong>contra</strong></span> <span class='ocrx_word' id='word_1_163' title='bbox 612 2191 755 2275; x_wconf 86' lang='lat' dir='ltr'><strong>patriam</strong></span> <span class='ocrx_word' id='word_1_164' title='bbox 771 2189 922 2255; x_wconf 89' lang='lat' dir='ltr'><strong>inventus</strong></span> <span class='ocrx_word' id='word_1_165' title='bbox 941 2192 991 2254; x_wconf 90' lang='lat' dir='ltr'><strong>est</strong></span> <span class='ocrx_word' id='word_1_166' title='bbox 1013 2210 1121 2271; x_wconf 72' lang='lat' dir='ltr'><strong>nemo,</strong></span> 
     </span>
     <span class='ocr_line' id='line_1_23' title="bbox 114 2275 1174 2366; baseline -0.002 -24"><span class='ocrx_word' id='word_1_167' title='bbox 114 2279 223 2366; x_wconf 81' lang='lat' dir='ltr'><strong>itaque</strong></span> <span class='ocrx_word' id='word_1_168' title='bbox 257 2283 396 2344; x_wconf 89' lang='lat' dir='ltr'><strong>mortem</strong></span> <span class='ocrx_word' id='word_1_169' title='bbox 427 2279 490 2344; x_wconf 88' lang='lat' dir='ltr'><strong>sibi</strong></span> <span class='ocrx_word' id='word_1_170' title='bbox 521 2283 656 2365; x_wconf 85' lang='lat' dir='ltr'><strong>uterque</strong></span> <span class='ocrx_word' id='word_1_171' title='bbox 689 2278 853 2344; x_wconf 85' lang='lat' dir='ltr'><strong>conscivit.</strong></span> <span class='ocrx_word' id='word_1_172' title='bbox 903 2275 1008 2354; x_wconf 83' lang='lat' dir='ltr'><strong>Quare</strong></span> <span class='ocrx_word' id='word_1_173' title='bbox 1043 2276 1121 2342; x_wconf 90' lang='lat' dir='ltr'><strong>talis</strong></span> <span class='ocrx_word' id='word_1_174' title='bbox 1140 2292 1174 2340; x_wconf 74' lang='lat' dir='ltr'><strong>ta</strong></span> 
     </span>
     <span class='ocr_line' id='line_1_24' title="bbox 116 2364 1122 2452; baseline -0.004 -20"><span class='ocrx_word' id='word_1_175' title='bbox 116 2367 325 2452; x_wconf 89' lang='lat' dir='ltr'><strong>inproborum</strong></span> <span class='ocrx_word' id='word_1_176' title='bbox 343 2368 511 2434; x_wconf 78' lang='lat' dir='ltr'><strong>consensio</strong></span> <span class='ocrx_word' id='word_1_177' title='bbox 529 2388 595 2433; x_wconf 92' lang='lat' dir='ltr'><strong>non</strong></span> <span class='ocrx_word' id='word_1_178' title='bbox 613 2367 709 2434; x_wconf 88' lang='lat' dir='ltr'><strong>modo</strong></span> <span class='ocrx_word' id='word_1_179' title='bbox 732 2365 937 2432; x_wconf 84' lang='lat' dir='ltr'><strong>excusatione</strong></span> <span class='ocrx_word' id='word_1_180' title='bbox 961 2364 1122 2430; x_wconf 84' lang='lat' dir='ltr'><strong>amicitiae</strong></span> 
     </span>
     <span class='ocr_line' id='line_1_25' title="bbox 84 2451 1122 2541; baseline -0.005 -21"><span class='ocrx_word' id='word_1_181' title='bbox 84 2469 106 2510; x_wconf 75' lang='lat'><strong>2⁵</strong></span> <span class='ocrx_word' id='word_1_182' title='bbox 117 2454 255 2541; x_wconf 80' lang='lat' dir='ltr'><strong>tegenda</strong></span> <span class='ocrx_word' id='word_1_183' title='bbox 277 2477 343 2520; x_wconf 91' lang='lat' dir='ltr'><strong>non</strong></span> <span class='ocrx_word' id='word_1_184' title='bbox 362 2459 421 2540; x_wconf 92' lang='lat' dir='ltr'><strong>est,</strong></span> <span class='ocrx_word' id='word_1_185' title='bbox 443 2455 500 2522; x_wconf 84' lang='lat' dir='ltr'><strong>sed</strong></span> <span class='ocrx_word' id='word_1_186' title='bbox 517 2455 627 2540; x_wconf 83' lang='lat' dir='ltr'><strong>potius</strong></span> <span class='ocrx_word' id='word_1_187' title='bbox 646 2454 805 2540; x_wconf 88' lang='lat' dir='ltr'><strong>supplicio</strong></span> <span class='ocrx_word' id='word_1_188' title='bbox 825 2453 913 2520; x_wconf 91' lang='lat' dir='ltr'><strong>omni</strong></span> <span class='ocrx_word' id='word_1_189' title='bbox 931 2451 1122 2518; x_wconf 85' lang='lat' dir='ltr'><strong>vindicanda</strong></span> 
     </span>
     <span class='ocr_line' id='line_1_26' title="bbox 117 2541 1123 2628; baseline -0.004 -20"><span class='ocrx_word' id='word_1_190' title='bbox 117 2547 176 2626; x_wconf 90' lang='lat' dir='ltr'><strong>cst,</strong></span> <span class='ocrx_word' id='word_1_191' title='bbox 203 2546 242 2608; x_wconf 91' lang='lat' dir='ltr'><strong>ut</strong></span> <span class='ocrx_word' id='word_1_192' title='bbox 269 2543 410 2627; x_wconf 81' lang='lat' dir='ltr'><strong>nequis</strong></span> <span class='ocrx_word' id='word_1_193' title='bbox 438 2565 624 2609; x_wconf 88' lang='lat' dir='ltr'><strong>concessum</strong></span> <span class='ocrx_word' id='word_1_194' title='bbox 645 2545 740 2628; x_wconf 90' lang='lat' dir='ltr'><strong>putet</strong></span> <span class='ocrx_word' id='word_1_195' title='bbox 763 2543 902 2608; x_wconf 88' lang='lat' dir='ltr'><strong>amioum</strong></span> <span class='ocrx_word' id='word_1_196' title='bbox 924 2542 976 2608; x_wconf 83' lang='lat' dir='ltr'><strong>vel</strong></span> <span class='ocrx_word' id='word_1_197' title='bbox 999 2541 1123 2607; x_wconf 85' lang='lat' dir='ltr'><strong>bellurn</strong></span> 
     </span>
     <span class='ocr_line' id='line_1_27' title="bbox 116 2627 1122 2715; baseline -0.004 -19"><span class='ocrx_word' id='word_1_198' title='bbox 116 2631 241 2715; x_wconf 84' lang='lat' dir='ltr'><strong>patriae</strong></span> <span class='ocrx_word' id='word_1_199' title='bbox 272 2629 464 2697; x_wconf 79' lang='lat' dir='ltr'><strong>inferentem</strong></span> <span class='ocrx_word' id='word_1_200' title='bbox 495 2631 601 2715; x_wconf 83' lang='lat' dir='ltr'><strong>sequi3</strong></span> <span class='ocrx_word' id='word_1_201' title='bbox 631 2631 717 2715; x_wconf 88' lang='lat' dir='ltr'><strong>quod</strong></span> <span class='ocrx_word' id='word_1_202' title='bbox 749 2630 892 2715; x_wconf 86' lang='lat' dir='ltr'><strong>quidem,</strong></span> <span class='ocrx_word' id='word_1_203' title='bbox 924 2633 961 2695; x_wconf 90' lang='lat' dir='ltr'><strong>ut</strong></span> <span class='ocrx_word' id='word_1_204' title='bbox 992 2650 1044 2694; x_wconf 89' lang='lat' dir='ltr'><strong>res</strong></span> <span class='ocrx_word' id='word_1_205' title='bbox 1076 2627 1122 2692; x_wconf 88' lang='lat' dir='ltr'><strong>ire</strong></span> 
     </span>
     <span class='ocr_line' id='line_1_28' title="bbox 117 2715 1123 2804; baseline -0.006 -20"><span class='ocrx_word' id='word_1_206' title='bbox 117 2719 235 2804; x_wconf 89' lang='lat' dir='ltr'><strong>coepit,</strong></span> <span class='ocrx_word' id='word_1_207' title='bbox 266 2717 353 2785; x_wconf 88' lang='lat' dir='ltr'><strong>haud</strong></span> <span class='ocrx_word' id='word_1_208' title='bbox 385 2719 451 2786; x_wconf 87' lang='lat' dir='ltr'><strong>scio</strong></span> <span class='ocrx_word' id='word_1_209' title='bbox 483 2741 526 2784; x_wconf 90' lang='lat' dir='ltr'><strong>an</strong></span> <span class='ocrx_word' id='word_1_210' title='bbox 558 2717 731 2802; x_wconf 91' lang='lat' dir='ltr'><strong>aliquando</strong></span> <span class='ocrx_word' id='word_1_211' title='bbox 762 2718 908 2785; x_wconf 86' lang='lat' dir='ltr'><strong>futurum</strong></span> <span class='ocrx_word' id='word_1_212' title='bbox 940 2717 992 2782; x_wconf 91' lang='lat' dir='ltr'><strong>sit.</strong></span> <span class='ocrx_word' id='word_1_213' title='bbox 1041 2715 1123 2780; x_wconf 87' lang='lat' dir='ltr'><strong>Mihi</strong></span> 
     </span>
     <span class='ocr_line' id='line_1_29' title="bbox 117 2803 1123 2891; baseline -0.005 -20"><span class='ocrx_word' id='word_1_214' title='bbox 117 2810 224 2873; x_wconf 89' lang='lat' dir='ltr'><strong>autem</strong></span> <span class='ocrx_word' id='word_1_215' title='bbox 247 2829 314 2874; x_wconf 89' lang='lat' dir='ltr'><strong>non</strong></span> <span class='ocrx_word' id='word_1_216' title='bbox 336 2805 455 2872; x_wconf 90' lang='lat' dir='ltr'><strong>minori</strong></span> <span class='ocrx_word' id='word_1_217' title='bbox 477 2828 571 2872; x_wconf 89' lang='lat' dir='ltr'><strong>curae</strong></span> <span class='ocrx_word' id='word_1_218' title='bbox 595 2810 658 2890; x_wconf 90' lang='lat' dir='ltr'><strong>est,</strong></span> <span class='ocrx_word' id='word_1_219' title='bbox 685 2805 791 2890; x_wconf 87' lang='lat' dir='ltr'><strong>qualis</strong></span> <span class='ocrx_word' id='word_1_220' title='bbox 818 2826 870 2873; x_wconf 85' lang='lat' dir='ltr'><strong>res</strong></span> <span class='ocrx_word' id='word_1_221' title='bbox 893 2803 1025 2891; x_wconf 86' lang='lat' dir='ltr'><strong>publica</strong></span> <span class='ocrx_word' id='word_1_222' title='bbox 1046 2806 1123 2888; x_wconf 90' lang='lat' dir='ltr'><strong>post</strong></span> 
     </span>
     <span class='ocr_line' id='line_1_30' title="bbox 85 2892 976 2980; baseline -0.006 -19"><span class='ocrx_word' id='word_1_223' title='bbox 85 2899 255 2961; x_wconf 64' lang='lat' dir='ltr'><strong>”mortem</strong></span> <span class='ocrx_word' id='word_1_224' title='bbox 279 2917 385 2960; x_wconf 88' lang='lat' dir='ltr'><strong>meam</strong></span> <span class='ocrx_word' id='word_1_225' title='bbox 407 2894 532 2979; x_wconf 88' lang='lat' dir='ltr'><strong>futura,</strong></span> <span class='ocrx_word' id='word_1_226' title='bbox 555 2915 652 2980; x_wconf 89' lang='lat' dir='ltr'><strong>quam</strong></span> <span class='ocrx_word' id='word_1_227' title='bbox 675 2893 782 2978; x_wconf 88' lang='lat' dir='ltr'><strong>qualis</strong></span> <span class='ocrx_word' id='word_1_228' title='bbox 804 2892 900 2959; x_wconf 89' lang='lat' dir='ltr'><strong>hodie</strong></span> <span class='ocrx_word' id='word_1_229' title='bbox 924 2892 976 2957; x_wconf 88' lang='lat' dir='ltr'><strong>sit.</strong></span> 
     </span>
    </p>

    <p class='ocr_par' dir='ltr' id='par_1_3' title="bbox 116 2957 1177 3334">
     <span class='ocr_line' id='line_1_31' title="bbox 178 2957 1177 3080; baseline -0.006 -32"><span class='ocrx_word' id='word_1_230' title='bbox 178 2982 272 3048; x_wconf 86' lang='lat' dir='ltr'><strong>Haec</strong></span> <span class='ocrx_word' id='word_1_231' title='bbox 293 2982 395 3069; x_wconf 83' lang='lat' dir='ltr'><strong>igitur</strong></span> <span class='ocrx_word' id='word_1_232' title='bbox 417 2982 524 3068; x_wconf 90' lang='lat' dir='ltr'><strong>prima</strong></span> <span class='ocrx_word' id='word_1_233' title='bbox 545 2983 598 3048; x_wconf 83' lang='lat' dir='ltr'><strong>lex</strong></span> <span class='ocrx_word' id='word_1_234' title='bbox 621 2981 783 3048; x_wconf 85' lang='lat' dir='ltr'><strong>amicitiae</strong></span> <span class='ocrx_word' id='word_1_235' title='bbox 810 2981 988 3064; x_wconf 88' lang='lat' dir='ltr'><strong>sanciatur,</strong></span> <span class='ocrx_word' id='word_1_236' title='bbox 1016 2983 1053 3044; x_wconf 93' lang='lat' dir='ltr'><strong>ut</strong></span> <span class='ocrx_word' id='word_1_237' title='bbox 1081 2979 1122 3044; x_wconf 87' lang='lat' dir='ltr'><strong>ab</strong></span> <span class='ocrx_word' id='word_1_238' title='bbox 1135 2957 1177 3080; x_wconf 64' lang='lat'><strong>14²}</strong></span> 
     </span>
     <span class='ocr_line' id='line_1_32' title="bbox 118 3065 1123 3156; baseline -0.005 -20"><span class='ocrx_word' id='word_1_239' title='bbox 118 3071 227 3137; x_wconf 88' lang='lat' dir='ltr'><strong>amicis</strong></span> <span class='ocrx_word' id='word_1_240' title='bbox 251 3070 390 3136; x_wconf 89' lang='lat' dir='ltr'><strong>honesta</strong></span> <span class='ocrx_word' id='word_1_241' title='bbox 411 3074 574 3156; x_wconf 86' lang='lat' dir='ltr'><strong>petamus,</strong></span> <span class='ocrx_word' id='word_1_242' title='bbox 596 3071 775 3136; x_wconf 84' lang='lat' dir='ltr'><strong>amicorum</strong></span> <span class='ocrx_word' id='word_1_243' title='bbox 798 3090 894 3135; x_wconf 88' lang='lat' dir='ltr'><strong>causa</strong></span> <span class='ocrx_word' id='word_1_244' title='bbox 916 3069 1055 3133; x_wconf 87' lang='lat' dir='ltr'><strong>honesta</strong></span> <span class='ocrx_word' id='word_1_245' title='bbox 1077 3065 1123 3131; x_wconf 87' lang='lat' dir='ltr'><strong>fa·</strong></span> 
     </span>
     <span class='ocr_line' id='line_1_33' title="bbox 116 3153 1123 3258; baseline -0.006 -34"><span class='ocrx_word' id='word_1_246' title='bbox 116 3159 248 3238; x_wconf 87' lang='lat' dir='ltr'><strong>ciamus,</strong></span> <span class='ocrx_word' id='word_1_247' title='bbox 265 3180 306 3224; x_wconf 89' lang='lat' dir='ltr'><strong>ne</strong></span> <span class='ocrx_word' id='word_1_248' title='bbox 320 3162 540 3244; x_wconf 83' lang='lat' dir='ltr'><strong>exspectemus</strong></span> <span class='ocrx_word' id='word_1_249' title='bbox 555 3159 693 3243; x_wconf 89' lang='lat' dir='ltr'><strong>quidem,</strong></span> <span class='ocrx_word' id='word_1_250' title='bbox 707 3158 783 3224; x_wconf 92' lang='lat' dir='ltr'><strong>dum</strong></span> <span class='ocrx_word' id='word_1_251' title='bbox 796 3177 961 3258; x_wconf 76' lang='lat' dir='ltr'><strong>rogemu13</strong></span> <span class='ocrx_word' id='word_1_252' title='bbox 981 3153 1123 3220; x_wconf 88' lang='lat' dir='ltr'><strong>studium</strong></span> 
     </span>
     <span class='ocr_line' id='line_1_34' title="bbox 117 3241 1124 3334; baseline -0.004 -23"><span class='ocrx_word' id='word_1_253' title='bbox 117 3267 243 3334; x_wconf 86' lang='lat' dir='ltr'><strong>semper</strong></span> <span class='ocrx_word' id='word_1_254' title='bbox 275 3245 373 3331; x_wconf 90' lang='lat' dir='ltr'><strong>adsit,</strong></span> <span class='ocrx_word' id='word_1_255' title='bbox 406 3247 568 3314; x_wconf 88' lang='lat' dir='ltr'><strong>cunctatio</strong></span> <span class='ocrx_word' id='word_1_256' title='bbox 601 3247 703 3331; x_wconf 70' lang='lat' dir='ltr'><strong>absit,</strong></span> <span class='ocrx_word' id='word_1_257' title='bbox 736 3246 906 3314; x_wconf 81' lang='lat' dir='ltr'><strong>consillum</strong></span> <span class='ocrx_word' id='word_1_258' title='bbox 938 3263 1015 3308; x_wconf 85' lang='lat' dir='ltr'><strong>varo</strong></span> <span class='ocrx_word' id='word_1_259' title='bbox 1048 3241 1124 3308; x_wconf 87' lang='lat' dir='ltr'><strong>dare</strong></span> 
     </span>
    </p>

    <p class='ocr_par' dir='ltr' id='par_1_4' title="bbox 84 3330 1125 3598">
     <span class='ocr_line' id='line_1_35' title="bbox 84 3330 1124 3404; baseline -0.006 -4"><span class='ocrx_word' id='word_1_260' title='bbox 84 3336 291 3401; x_wconf 53' lang='lat' dir='ltr'><strong>&amp;audeamus</strong></span> <span class='ocrx_word' id='word_1_261' title='bbox 323 3334 433 3404; x_wconf 86' lang='lat' dir='ltr'><strong>libere.</strong></span> <span class='ocrx_word' id='word_1_262' title='bbox 486 3334 668 3400; x_wconf 87' lang='lat' dir='ltr'><strong>Plurimum</strong></span> <span class='ocrx_word' id='word_1_263' title='bbox 698 3334 735 3399; x_wconf 91' lang='lat' dir='ltr'><strong>in</strong></span> <span class='ocrx_word' id='word_1_264' title='bbox 768 3333 911 3400; x_wconf 86' lang='lat' dir='ltr'><strong>amicitia</strong></span> <span class='ocrx_word' id='word_1_265' title='bbox 947 3330 1124 3397; x_wconf 88' lang='lat' dir='ltr'><strong>amicorum</strong></span> 
     </span>
     <span class='ocr_line' id='line_1_36' title="bbox 117 3419 1124 3506; baseline -0.006 -19"><span class='ocrx_word' id='word_1_266' title='bbox 117 3423 196 3488; x_wconf 87' lang='lat' dir='ltr'><strong>benc</strong></span> <span class='ocrx_word' id='word_1_267' title='bbox 220 3423 425 3489; x_wconf 85' lang='lat' dir='ltr'><strong>suadentium</strong></span> <span class='ocrx_word' id='word_1_268' title='bbox 447 3424 556 3490; x_wconf 82' lang='lat' dir='ltr'><strong>valeat</strong></span> <span class='ocrx_word' id='word_1_269' title='bbox 579 3423 771 3506; x_wconf 88' lang='lat' dir='ltr'><strong>auotoritas,</strong></span> <span class='ocrx_word' id='word_1_270' title='bbox 795 3443 895 3506; x_wconf 88' lang='lat' dir='ltr'><strong>eaque</strong></span> <span class='ocrx_word' id='word_1_271' title='bbox 918 3423 951 3486; x_wconf 88' lang='lat' dir='ltr'><strong>et</strong></span> <span class='ocrx_word' id='word_1_272' title='bbox 975 3419 1124 3486; x_wconf 87' lang='lat' dir='ltr'><strong>adhibea-</strong></span> 
     </span>
     <span class='ocr_line' id='line_1_37' title="bbox 118 3507 1125 3598; baseline -0.01 -22"><span class='ocrx_word' id='word_1_273' title='bbox 118 3513 169 3576; x_wconf 92' lang='lat' dir='ltr'><strong>tur</strong></span> <span class='ocrx_word' id='word_1_274' title='bbox 188 3511 229 3578; x_wconf 88' lang='lat' dir='ltr'><strong>ad</strong></span> <span class='ocrx_word' id='word_1_275' title='bbox 247 3511 442 3578; x_wconf 87' lang='lat' dir='ltr'><strong>monendum</strong></span> <span class='ocrx_word' id='word_1_276' title='bbox 461 3533 528 3578; x_wconf 91' lang='lat' dir='ltr'><strong>non</strong></span> <span class='ocrx_word' id='word_1_277' title='bbox 547 3510 642 3587; x_wconf 85' lang='lat' dir='ltr'><strong>modo</strong></span> <span class='ocrx_word' id='word_1_278' title='bbox 662 3513 782 3598; x_wconf 86' lang='lat' dir='ltr'><strong>aperte,</strong></span> <span class='ocrx_word' id='word_1_279' title='bbox 805 3509 862 3576; x_wconf 90' lang='lat' dir='ltr'><strong>sed</strong></span> <span class='ocrx_word' id='word_1_280' title='bbox 881 3509 978 3575; x_wconf 87' lang='lat' dir='ltr'><strong>etium</strong></span> <span class='ocrx_word' id='word_1_281' title='bbox 999 3507 1125 3584; x_wconf 88' lang='lat' dir='ltr'><strong>acriter,</strong></span> 
     </span>
    </p>

    <p class='ocr_par' dir='ltr' id='par_1_5' title="bbox 168 3616 964 3667">
     <span class='ocr_line' id='line_1_38' title="bbox 168 3616 964 3667; baseline 0 -3"><span class='ocrx_word' id='word_1_282' title='bbox 168 3621 223 3667; x_wconf 88' lang='lat' dir='ltr'><strong>c1c.</strong></span> <span class='ocrx_word' id='word_1_283' title='bbox 237 3625 278 3666; x_wconf 83' lang='lat' dir='ltr'><strong>rr.</strong></span> <span class='ocrx_word' id='word_1_284' title='bbox 292 3625 312 3665; x_wconf 84' lang='lat' dir='ltr'><strong>u.</strong></span> <span class='ocrx_word' id='word_1_285' title='bbox 932 3616 964 3665; x_wconf 78' lang='lat'><strong>12</strong></span> 
     </span>
    </p>
   </div>
   <div class='ocr_carea' id='block_1_3' title="bbox 0 0 1294 3950">
    <p class='ocr_par' dir='ltr' id='par_1_6' title="bbox 0 0 1294 3950">
     <span class='ocr_line' id='line_1_39' title="bbox 0 0 1294 3950; baseline 0 0"><span class='ocrx_word' id='word_1_286' title='bbox 0 0 1294 3950; x_wconf 95' lang='lat' dir='ltr'><strong> </strong></span> 
     </span>
    </p>
   </div>
  </div>
 </body>
</html>
