2578 3950
183 186 247 252 242
545 190 547 194 '
568 185 795 242 FRAGMENTA

292 348 363 414 Hoe
385 347 554 430 eoemplum
576 346 669 429 affert
689 348 743 414 loe
771 347 846 429 loeo,
872 346 954 428 puori
978 347 1043 412 eult
1059 347 1196 429 probare
1279 367 1280 376 ¹

226 435 366 504 desistere
397 435 573 501 Cominium
608 437 711 503 delere
740 436 780 501 ab
815 435 1007 500 accusatione
1036 434 1196 518 (quamuis

227 544 321 607 neque
346 543 418 590 reus
443 524 546 604 foetes
572 525 615 591 sit
639 543 733 608 uepue
758 524 863 605 feeerit
883 524 1090 607 pertenent
1118 545 1196 590 nam

227 613 372 680 Metellus
393 617 422 678 et
446 613 655 695 postulaverat
677 611 841 678 Uarianae
863 621 890 676 et
911 612 1074 677 destiterat.
1116 611 1195 680 Gon-

226 700 309 784 fupil
338 705 442 766 autum
472 705 576 766 orator
605 702 649 767 ool
673 700 792 766 Metelli
822 699 1011 765 nobilitatem
1036 705 1066 766 et
1092 701 1137 766 ao
1162 700 1238 767 (ls

228 789 374 856 Ortionis
400 789 601 874 iudustriam,
632 794 669 854 ut
695 793 802 873 teperet
826 789 872 871 iol,
902 789 984 870 puae
1008 788 1059 854 illi
1084 789 1197 854 utilius

228 898 322 960 quom
339 877 493 942 honestius
509 877 652 958 fuerant.
687 875 750 943 Res
772 880 874 942 eutem
897 881 960 941 tota
979 895 1011 942 se
1028 877 1073 941 sie
1089 876 1195 954 laben

228 968 263 1030 iu
285 985 347 1047 pua
369 965 490 1046 quidem
512 965 592 1031 illud
606 966 748 1046 primum
766 965 981 1046 explicandum
1002 969 1054 1047 est,
1076 965 1115 1030 de
1135 985 1196 1048 quo

229 1053 353 1119 Metello
374 1051 429 1117 loe
457 1051 548 1117 cluat.
593 1053 736 1120 Fuerunt
757 1055 840 1118 enim
863 1057 936 1118 tune
952 1051 1062 1134 plures
1085 1052 1197 1132 Quinti

229 1140 359 1218 Metelli,
386 1160 423 1206 eu
448 1140 558 1222 quibus
583 1142 643 1207 duo
670 1142 855 1224 consuleres,
882 1139 961 1205 Pius
991 1145 1020 1204 et
1041 1139 1238 1218 Grotius-10

229 1231 265 1296 ole
286 1229 397 1312 quilius
418 1234 548 1311 apparet
568 1249 637 1294 urm
658 1249 721 1294 nou
743 1229 856 1306 duere3
883 1229 943 1294 duo
965 1231 1069 1293 autem
1090 1230 1198 1295 adole

229 1323 349 1401 soentes,
372 1317 474 1399 Nepos
495 1323 524 1382 et
540 1315 633 1400 Celer,
656 1337 693 1384 eu
710 1317 819 1402 quiem
836 1335 919 1382 nuno
937 1315 1084 1398 Nepotem
1099 1319 1197 1399 sipni·

228 1407 309 1488 picot.
344 1405 427 1472 Eius
448 1406 530 1470 euim
547 1410 669 1488 patrem
693 1405 728 1486 Q.
745 1405 904 1471 Metellonn
922 1404 1079 1487 Nepotem,
1101 1405 1196 1471 Bali·

229 1494 308 1560 arioi
329 1494 440 1576 pilium,
461 1493 654 1559 Macedonici
675 1499 820 1577 mpetum,
842 1494 897 1574 qui
918 1493 1024 1558 consol
1038 1494 1104 1575 fuit
1125 1513 1197 1560 urm

231 1583 267 1646 Τ.
289 1579 400 1658 Didio,
423 1579 517 1646 (lario
539 1582 580 1664 io,
602 1583 638 1646 de
659 1601 719 1663 quo
741 1582 887 1664 loquitur,
914 1582 1083 1658 ooousaoit;
1110 1583 1197 1664 isque
1211 1603 1238 1642 15

229 1669 373 1734 Metellus
398 1668 532 1734 moriens
552 1669 645 1751 petiit
669 1669 708 1734 ab
733 1668 788 1734 loe
813 1669 879 1750 pilio
907 1687 963 1734 sno
989 1668 1127 1752 Metelle,
1161 1676 1198 1734 ut

231 1756 394 1823 aaronem
416 1761 622 1823 annotatorem
638 1777 730 1822 suum
747 1761 911 1835 muneret,
932 1761 963 1821 et
982 1757 1018 1821 id
1035 1758 1196 1838 fauturum

230 1845 518 1912 esseiureimanelo
534 1846 643 1929 alepit.
671 1845 814 1912 Metellus
825 1845 997 1926 feeitremn
1010 1843 1195 1922 Curionem

230 1953 355 2016 eumque
375 1934 500 2000 interim
522 1935 674 2017 qnondam
695 1935 788 1999 aren
810 1934 890 1998 idem
907 1932 1052 1998 Metellus
1073 1952 1196 2000 susum

229 2042 320 2090 suum
342 2041 404 2088 esse
425 2023 604 2088 uuundens
626 2023 658 2087 ei
679 2021 861 2104 arripuisset
879 2039 917 2086 ae
933 2020 1103 2086 munus
1120 2021 1196 2101 affe·
1208 2043 1236 2082 eo

230 2111 325 2192 risset
343 2109 437 2176 otro
450 2115 628 2176 assertorem
645 2111 674 2176 ei
690 2109 887 2191 oornporooit.
918 2107 1003 2174 Dein
1016 2129 1086 2174 oum
1099 2127 1195 2192 oppa

153 2215 157 2224 ¹
229 2201 309 2262 reret
334 2217 402 2260 eum
427 2198 543 2262 auitum
569 2197 678 2262 iuoliee'i
706 2197 791 2263 illius
815 2197 973 2280 futurum,
1002 2201 1039 2260 ut
1065 2197 1141 2263 liter
1167 2199 1197 2263 is

230 2284 431 2362 iudicaretur,
465 2303 554 2366 prum
584 2285 729 2351 Metellus
758 2285 928 2350 ommmbns
958 2283 1102 2363 offertum
1134 2305 1197 2351 esse

230 2391 340 2455 uepare
360 2391 423 2436 nou
439 2376 570 2455 poteret,
591 2374 672 2437 inter
693 2373 852 2438 Metellum
874 2377 903 2438 et
924 2369 1088 2438 (lurionem
1108 2373 1196 2453 foeta
1277 2385 1278 2477 l

225 2460 329 2542 poetio
351 2464 402 2544 est,
424 2464 574 2543 uinoque
596 2461 761 2526 arbitrium
783 2461 819 2528 cle
840 2461 976 2528 literne
987 2467 1195 2544 permoratur,
1209 2482 1236 2522 25

229 2548 343 2613 rediret
358 2552 461 2614 tomen
477 2549 530 2614 ille
546 2549 582 2614 in
600 2549 775 2628 libertatem,
795 2549 831 2616 cle
847 2569 907 2631 puo
924 2548 1079 2632 apelatrtr,
1100 2569 1197 2632 nepae

230 2636 373 2702 Metellus
383 2642 535 2720 perstaret
551 2637 586 2703 in
604 2638 792 2704 manue
805 2635 965 2713 aenum
983 2655 1077 2718 eaque
1090 2639 1195 2720 puetio

230 2725 270 2790 ab
290 2730 417 2808 utroque
436 2729 557 2792 seruato
578 2731 630 2791 est
666 2726 741 2791 Hue
761 2743 830 2808 erpo
848 2724 933 2790 illul
946 2728 1093 2808 meimet,
1114 2727 1198 2808 qaod

230 2813 277 2878 tis
304 2832 373 2878 urm
398 2815 518 2879 iurasse
543 2813 630 2897 dieii,
661 2813 751 2880 semel
772 2813 924 2896 priuatim
952 2815 1038 2896 apud
1061 2819 1195 2897 petrau,

230 2902 341 2966 lterum
363 2901 432 2984 lepre,
454 2906 530 2974 tum
540 2902 660 2985 scilieet,
682 2922 751 2966 eum
769 2903 804 2966 in
822 2899 987 2967 mentum
1004 2901 1196 2967 ealumniam
1209 2921 1236 2962 so

230 2990 354 3054 iurauit.
393 2988 471 3056 Oum
493 2989 548 3054 loe
569 2994 670 3054 autem
691 2989 815 3055 Metello
832 2995 939 3071 postea
961 2986 1064 3056 Oieero
1085 2991 1194 3056 simm-

231 3077 443 3231 toffuspessin
474 3079 570 3144 masii
599 3080 681 3144 enim
709 3077 852 3144 Metellus
883 3077 985 3143 malus
1015 3082 1105 3160 atque
1135 3081 1195 3143 im·

228 3183 269 3247 Pr
363 3185 444 3232 OEWS·
1274 3209 1275 3236 1

253 3252 282 3316 5.
311 3252 438 3333 Quintil.
465 3252 574 3320 11⁷4.
601 3259 623 3320 8
652 3253 714 3320 Est
741 3289 780 3304 -
808 3254 977 3338 propositio
1004 3289 1048 3301 -
1074 3253 1196 3320 ratione

188 3339 327 3422 sutum,
348 3346 399 3406 ut:
421 3339 627 3408 Maiestatem
650 3342 768 3408 minuit
785 3340 820 3408 C.
839 3340 1022 3425 Cornelium
1044 3361 1120 3406 nem
1144 3362 1194 3407 oa
1207 3357 1233 3400 es

188 3427 290 3492 dicem
307 3427 457 3494 tribunus
475 3430 519 3513 pl.
538 3429 608 3515 ipse
626 3451 685 3516 pro
704 3431 853 3496 contione
872 3431 961 3516 legit.
978 3465 1022 3478 -
1034 3428 1098 3494 Iul.
1119 3429 1194 3495 Viet.

188 3519 228 3582 13
245 3535 280 3596 p.
294 3518 365 3579 417.
384 3521 426 3580 17
443 3516 552 3581 Halm.
575 3553 619 3568 -
643 3517 746 3600 Quint.
771 3519 862 3585 l'13.
880 3523 923 3584 18
946 3518 1047 3584 Testes
1068 3519 1103 3581 in
1122 3515 1194 3583 Gor·
