2578 3950
118 1141 135 1201 1

117 1217 131 1263 1

116 1963 132 2013 ι

116 3064 137 3190 ι

571 205 731 270 TIMAEUS

404 425 452 498 M.
482 423 626 497 TULLI
652 419 901 495 CICERONIS

532 583 773 670 TIMAEUS.

219 754 300 808 Hune
319 751 444 807 Platonis
463 751 566 805 librum
584 748 681 804 Cicero
700 751 818 804 aetate'
809 766 865 803 ram
888 750 1005 820 provect
1005 765 1037 802 us
992 747 1119 804 ttLa
1097 751 1157 829 tine

150 827 193 881 est
211 825 419 894 interpretatus.
456 821 551 902 Ipsum
569 819 643 874 enim
661 819 833 889 prooemium
848 818 974 873 declarat
992 835 1055 872 eum
1069 818 1156 888 scrip-

149 897 209 950 turn
233 911 294 948 esse
317 895 383 962 post
399 891 582 958 Academica,
605 907 676 958 quae
701 889 818 944 Caesare
836 889 874 944 [v
893 903 949 944 cos.
968 889 1028 943 sine
1046 889 1111 944 coll.
1131 905 1156 942 a

149 985 175 1020 u.
196 972 246 1022 709
266 913 394 1020 contecta
412 977 473 1016 esse
492 962 612 1016 constat.

216 1159 323 1225 Multa
345 1161 422 1223 sunt
454 1180 474 1222 a
500 1157 594 1222 nobis
623 1157 692 1220 et
683 1178 717 1220 ιιι
744 1155 945 1222 Academicis
974 1156 1158 1241 conscripta

150 1251 265 1315 contra
291 1247 443 1333 physicos
472 1249 505 1310 et
533 1267 628 1329 saepe
654 1265 723 1309 cum
750 1243 785 1308 P.
807 1243 941 1330 Nigidio
967 1243 1156 1309 Carneadeo

150 1358 240 1402 more
263 1340 297 1400 et
318 1335 415 1400 modo
439 1334 614 1418 disputata.
658 1331 735 1397 Puit
758 1333 843 1397 enim
866 1333 1086 1398 viriliacum
1109 1353 1157 1398 ee

150 1426 228 1489 teris
253 1424 391 1506 artibus,
419 1443 500 1508 quae
528 1421 657 1504 quidem
680 1420 797 1504 dignae
823 1421 926 1485 libero
954 1424 1076 1503 essent,
1108 1440 1157 1484 or-

149 1517 247 1578 natus
266 1511 426 1594 omnibus,
443 1515 515 1574 tum
529 1530 602 1574 acer
614 1508 704 1572 inves
706 1509 861 1594 ligatore
863 1508 1030 1594 tdiligens
1045 1529 1156 1573 earum
1186 1533 1199 1574 ⁵
1282 1549 1283 1590 ;

151 1621 268 1683 rerum,
292 1620 374 1683 quae
398 1621 417 1662 a
438 1601 556 1661 natura
579 1596 744 1661 involutae
763 1596 927 1680 videntum
948 1596 1085 1680 denique
1109 1595 1156 1660 sic

150 1687 270 1770 iudico,
292 1690 368 1771 post
391 1686 466 1751 illos
488 1683 615 1749 nobiles
638 1683 877 1770 Pythagoreos,
904 1705 1041 1768 quorum
1064 1683 1156 1749 ‹lisci-

150 1775 242 1859 plina
269 1774 412 1840 extinota
435 1776 485 1836 est
512 1772 652 1856 quodam
675 1773 784 1856 modo,
807 1794 880 1838 cum
904 1773 1029 1856 aliquot
1050 1771 1157 1836 saecla
1179 1775 1182 1781 '

150 1865 239 1928 int
207 1862 306 1927 Italia
309 1860 502 2016 tSiciliaque
523 1859 691 1946 piguerat,
713 1860 870 1925 hunct
816 1882 883 1925 exi
856 1860 971 1942 titisse,
990 1859 1045 1943 qui
1063 1859 1157 1924 illam

151 1955 331 2016 renovaret.
377 1949 439 2025 Qui
470 1971 543 2014 cunr
575 1970 626 2012 me
658 1948 693 2012 in
720 1947 868 2013 Ciliciam
898 1948 1157 2033 proficiscentem
1174 1974 1198 2014 ιο

150 2039 200 2125 Ερ
202 2039 274 2103 hesi
287 2037 521 2122 expectavisset
507 2035 669 2100 tRomam
683 2057 722 2101 ex
735 2036 835 2122 legat
826 2057 899 2100 rone
912 2036 983 2120 ipse
993 2035 1157 2117 decedens,

150 2062 356 2208 repuissetque
379 2125 491 2189 eodem
514 2123 584 2206 Myt
570 2124 679 2188 tilenis
701 2123 765 2189 mei
788 2124 952 2189 salutandi
978 2127 1010 2188 et
1032 2087 1159 2188 visendi

103 2277 107 2288 ,
151 2235 248 2279 causa
262 2211 352 2278 Crat
327 2215 447 2296 trppus,
459 2211 750 2294 Peripateticorum
763 2212 917 2312 omnium,
931 2231 1012 2296 quos
1027 2211 1157 2294 quidem

193 2322 212 2365 o
227 2299 393 2381 audierim,
410 2319 483 2362 meo
496 2298 614 2363 iudicio
627 2298 723 2364 facile
736 2299 894 2384 princeps,
912 2300 1158 2401 perlibentert
1126 2319 1143 2362 e

150 2321 440 2474 Ngrg1d1umv1dret
426 2390 591 2488 tcognovr
582 2385 801 2472 Cratippum.
819 2386 1016 2489 Acprimum
1028 2386 1157 2470 quidem
1172 2412 1198 2454 15

149 2481 278 2560 tempus
298 2473 533 2540 salutationis
523 2495 558 2538 ιιι
571 2475 815 2560 percontatione
828 2475 1157 2561 consumpsimus...

579 2595 599 2637 8
753 2595 772 2636 ’t

666 2641 685 2684 *

221 2733 383 2818 [Praeterp
385 2736 474 2789 artem
501 2733 608 2788 exordii
631 2733 818 2788 Ciceroniani
833 2734 1027 2788 desiderantur
1049 2732 1157 2787 Timaei

150 2805 290 2860 Platonici
311 2753 441 2862 undecim
463 2803 583 2875 paginae
607 2820 625 2858 a
631 2810 837 2892 priusque
860 2804 896 2858 ad
919 2811 953 2860 27
982 2804 1027 2858 ed.
1051 2803 1157 2891 stapla,

151 2893 207 2944 qua
224 2879 341 2934 exeunte
359 2875 487 3004 legunt
459 2892 492 2929 ur
514 2874 611 2928 verba·
631 2871 735 2956 'Ereto’
753 2865 805 2930 οὖν
832 2871 868 2942 δὴ
889 2895 943 2929 και
941 2870 1044 2956 ’ἒμῄι
1069 2875 1158 2939 δοξαν
1172 2894 1199 2934 ιο

152 2947 263 3016 πρῶτον
277 2949 418 3016 decepero
453 2941 531 3000 τάδε.
558 2943 657 2998 Hinc
648 2943 750 3014 rncipit
737 2944 889 2999 tTulliana
902 2943 1028 3000 Platonis
1044 2943 1156 3016 oratio]

219 3087 302 3164 Quid
326 3091 389 3172 est,
423 3086 509 3172 quod
537 3109 664 3172 semper
695 3087 738 3151 sit
768 3107 871 3170 neque
904 3088 1008 3151 ullum
1037 3087 1159 3152 habeat
1282 3039 1283 3084 ᾖ

153 3180 274 3260 ortum,
302 3179 334 3241 et
361 3176 447 3260 quod
470 3175 625 3276 gignatur
646 3194 705 3240 nec
731 3196 885 3258 umquam
914 3175 979 3240 sit?
1015 3173 1159 3250 Quorum

153 3263 200 3327 alt
186 3267 291 3327 terum
314 3262 540 3347 intellegentia
562 3267 595 3328 et
617 3262 743 3326 ratione
766 3262 1050 3346 conprehenditur,
1074 3260 1160 3348 quod
1282 3279 1283 3300 ι

152 3370 252 3413 unum
292 3353 389 3433 atque
422 3350 507 3415 idem
542 3370 669 3434 semper
703 3353 766 3433 est,
803 3351 851 3414 alt
837 3354 956 3433 terum,
991 3348 1077 3434 quod
1107 3348 1160 3414 ad
1174 3364 1202 3408 ιι

151 3435 216 3499 fert
244 3435 429 3519 opinionem
464 3457 575 3502 sensus
604 3436 740 3502 rationis
778 3457 905 3522 expers,
938 3437 1024 3521 quod
1052 3440 1160 3502 totum

152 3521 317 3606 opinabile
340 3526 400 3605 est,
422 3523 455 3587 id
478 3523 624 3608 gignitur
647 3527 681 3588 et
702 3524 816 3589 interit
838 3544 897 3589 nec
915 3545 1070 3607 umquam
1089 3545 1160 3588 esse
