2570 3944
185 175 394 231 PHILOSOPH.
413 175 442 233 1⁴¹.
460 175 499 229 XI
515 173 714 230 1—FACETE
728 172 924 230 DICTORUM.
945 172 976 227 G.
996 187 1013 224 a
1028 178 1051 227 1.
1089 167 1153 235 341

217 338 248 403 4.
270 337 357 403 Plio.
384 335 455 402 VII
469 341 511 403 18
531 337 682 402 Feminas
703 337 803 402 omum
824 337 934 416 olipa
954 335 1022 398 uisu
1043 349 1156 408 nocere,

151 447 228 510 quae
248 427 382 508 duplices
398 426 539 508 pupillas
560 425 703 507 labeant,
731 423 833 491 Oieero
860 442 974 504 quoqne
995 420 1081 502 apud
1100 437 1157 484 nos

151 519 257 579 ancien
279 519 331 578 csl.
357 555 370 576 .

196 601 225 667 5.
253 601 338 666 Plin.
366 601 438 667 VII
456 604 497 667 85
518 601 562 666 Iu
587 621 663 665 nuce
688 601 840 666 inclusam
866 597 998 664 Iliadem
1027 595 1159 662 Homeri

124 707 276 756 scormcn
293 691 335 754 im
347 691 525 754 membrano
541 690 697 771 scriplum,
707 690 803 754 tradit
821 685 938 760 Cicero·
958 687 1037 750 dem
1054 684 1158 766 fuisse,

151 781 205 860 qui
225 779 398 860 pervideret
419 803 520 844 cxxxv
537 804 563 844 u
583 796 740 859 passuum
767 811 804 822 —
834 773 881 855 Of
909 772 969 841 Ga.
998 773 1095 838 Acad.
1117 771 1161 835 ΙΙ

151 870 203 931 25.
231 871 272 932 81
298 865 361 930 Ille
391 867 489 930 nescio
516 867 582 948 qui,
612 867 667 947 qui
697 867 733 930 iu
759 863 868 930 sololis
894 863 1052 927 nominari
1078 860 1160 943 salci,

152 955 237 1019 mille
259 959 288 1018 el
309 956 459 1036 adopinlo
481 955 582 1020 stadio
604 954 686 1034 quood
706 953 830 1032 abesset,
852 951 978 1016 uidebat.

220 1042 249 1106 6.
273 1040 636 1108 accommanda.
661 1041 782 1106 Tullius
805 1038 907 1106 Cicero
931 1041 1013 1104 lestis
1034 1041 1079 1102 csl
1099 1034 1159 1100 Ro

113 1148 282 1194 amanum
302 1131 400 1210 fuisse
421 1131 514 1194 avem
538 1130 691 1193 Naeuium
708 1129 879 1195 Pollionem
896 1128 973 1210 pede
995 1127 1160 1208 lonpcorom

152 1237 247 1300 quam
268 1237 450 1300 quemquam
472 1218 707 1300 loupissimum..

218 1572 221 1578 .
319 1519 398 1580 XIV.
429 1519 612 1580 EDICTUM
635 1519 669 1578 L.
691 1517 828 1579 RACILI
851 1518 910 1577 ΤΒ.
934 1516 992 1576 PL.

220 1655 318 1722 Sclol.
336 1655 413 1721 Bab.
432 1657 467 1720 in
484 1677 527 1721 or.
541 1677 574 1736 p.
593 1655 722 1720 Plancio
736 1676 770 1738 p·
787 1657 862 1720 268.
879 1657 923 1720 20
941 1651 1027 1718 Bail.
1047 1652 1163 1717 Easial

156 1745 274 1810 libellus
295 1745 428 1808 eiusdem
451 1742 617 1821 Ciceronis,
644 1745 699 1825 qni
721 1746 767 1806 ila
789 1743 983 1808 inscribitur?
1010 1739 1161 1806 Edictum

116 1851 141 1890 ια
155 1831 234 1897 Luci
254 1831 369 1896 ‚Racili
401 1831 529 1895 tribuni,
561 1830 663 1914 plebi,
701 1832 782 1912 qnod
814 1831 870 1896 snb
905 1831 1028 1896 nominc
1064 1831 1162 1912 ipsius

156 1919 259 1986 Cicero
280 1921 404 2002 scrupsil
424 1919 460 1984 iu
483 1919 678 1983 invectionem
700 1917 738 1982 P.
761 1916 860 1984 Clodi.

331 2372 368 2438 G.
401 2372 630 2440 CICERONIS
653 2373 824 2440 FACETII
848 2373 989 2442 DICTA.
1069 2319 1071 2328 s

515 2527 540 2566 α.
568 2510 798 2568 TESTIMONIA.

46 2687 52 2700 ,
225 2622 252 2684 1.
271 2617 332 2685 Oia.
347 2621 425 2701 fam.
445 2619 582 2685 VHso,
599 2626 619 2685 1
639 2619 757 2700 Quibus
773 2621 808 2685 in
826 2620 936 2687 litteris
957 2623 1063 2686 omnio
1084 2621 1163 2686 mili

116 2726 143 2768 m
149 2709 345 2791 periucunda
364 2709 492 2788 suerunt
507 2712 631 2790 praeter
652 2708 742 2786 illud,
770 2709 850 2789 qnod
864 2729 982 2790 parum
1004 2711 1162 2791 dilipenler

149 2797 300 2879 possessio
317 2798 493 2861 salinorum
510 2815 649 2860 meorum
666 2816 689 2860 a
710 2801 737 2880 le
753 2801 952 2878 procuratore
974 2797 1160 2877 defeudiluu;

154 2886 205 2950 ais
222 2884 313 2966 onim,
336 2890 371 2949 ul
388 2904 439 2966 epo
457 2885 651 2966 discesserim,
673 2885 778 2950 omnio
789 2886 934 2949 nomnium
952 2886 1041 2969 diota,
1063 2887 1098 2950 in
1119 2887 1162 2952 iis

155 2974 248 3037 eliam
261 2973 415 3050 Sestiana,
433 2974 468 3037 in
485 2993 533 3036 me
547 2972 688 3052 conferri.
722 2971 824 3052 Quid?
843 2977 876 3037 in
894 2974 928 3038 id
938 2973 1080 3055 pateris?
1099 2995 1162 3038 uon

154 3080 202 3124 me
217 3061 376 3140 defendis?
395 3082 459 3126 uon
474 3059 613 3126 resistis?
645 3059 798 3142 Equidem
815 3061 973 3142 sperabam
991 3063 1037 3126 ila
1054 3067 1162 3127 nolula

115 3167 140 3208 cs
154 3169 202 3212 me
223 3150 381 3230 reliquisse
399 3170 513 3232 penora
534 3149 683 3214 dictorum
705 3169 853 3227 meorum
880 3155 917 3215 ul
942 3151 1077 3232 capnosci
1102 3170 1161 3216 sua

153 3242 259 3318 speum
276 3243 406 3319 possenl
447 3237 509 3302 Sed
529 3238 676 3319 quoniam
700 3241 787 3302 lanto
807 3239 881 3318 [aen
902 3243 947 3302 esi
967 3239 1003 3301 iu
1024 3237 1105 3321 urle,
1126 3243 1162 3304 ul
1269 3233 1270 3260 ³

153 3324 234 3389 uilil
255 3327 298 3390 sil
319 3331 384 3390 lom
406 3321 596 3409 ἀαύθηρον,
619 3327 700 3406 quod
719 3345 782 3390 non
803 3325 899 3390 alicui
920 3330 1079 3390 venusium
1101 3347 1162 3393 esso

153 3415 301 3493 uideatur,
318 3435 437 3498 papum,
459 3415 488 3479 si
505 3433 667 3490 maumas,
689 3414 753 3478 uisi
770 3419 862 3498 acula
879 3409 1075 3497 ἀμφιβολία,
1097 3416 1161 3480 uisi

153 3501 272 3591 eloqons
290 3496 471 3589 ὑπερβολή,
494 3502 558 3568 nesi
574 3497 799 3589 παράγραμμα
822 3501 940 3580 bellum,
964 3503 1028 3568 uisi
1048 3503 1149 3568 ridicu
