2578 3950
146 166 211 231 206
550 163 751 218 1111111111

146 324 378 392 coniurationis
397 347 417 389 a
430 323 591 390 Catilinae
610 324 703 389 furiis
719 324 759 388 ad
774 328 866 389 tuum
882 325 986 390 scelus
1000 325 1156 391 furorem·

94 432 127 480 28
147 437 209 500 que
237 434 424 496 conversae,
451 434 518 479 non
544 413 658 478 civitas
691 415 770 476 erat.
815 411 929 496 Itaque
956 413 1070 496 pulsus
1093 435 1154 499 ego

146 502 279 568 11111111
301 523 367 566 non
390 522 475 586 sum,
498 522 580 584 quae
601 500 693 565 nulla
716 503 802 582 erat,
826 501 999 566 accersitus
1023 502 1057 566 in
1080 503 1155 567 civi·

145 594 248 656 tatem
272 611 343 655 sum
350 640 359 673 ,
382 611 454 654 cum
478 593 564 653 esset
586 589 621 652 in
643 610 678 653 re
701 587 833 672 publica
856 589 982 673 consul,
1005 590 1061 674 qui
1084 594 1154 655 tum

143 679 253 743 nullus
276 677 396 760 fuerat,
420 681 506 741 esset
530 680 673 760 11111111,
697 676 846 759 quitum
870 677 1045 761 occiderat,
1068 683 1154 743 esset
1182 695 1194 736 ⁵

144 787 318 832 consensus
341 766 455 851 populi
477 765 569 849 liber,
592 769 678 829 esset
700 764 780 828 iuris
804 767 837 829 11
860 787 897 830 ae
921 765 1049 849 uitatis,
1073 789 1154 851 quae

145 855 253 920 vincla
272 857 347 918 sunt
365 853 517 935 civitatis,
535 853 675 938 repetita
693 851 857 918 memoria.
889 785 939 919 dc
956 853 1038 939 ride,
1057 877 1156 939 quam

145 943 211 1006 ista
236 942 286 1005 tui
312 941 476 1006 latrocinii
503 941 571 1006 tela
598 940 857 1026 contempserim.
901 940 1026 1007 11111111
1053 948 1087 1008 11
1109 943 1155 1008 in·

146 1031 281 1094 missam
308 1051 328 1094 a
355 1033 388 1092 te
414 1028 573 1094 nefariam
599 1029 635 1093 in
662 1050 713 1094 me
740 1029 892 1094 iniuriam
916 1051 1042 1114 semper
1070 1031 1156 1116 duxi,

145 1118 331 1203 pervenisse
358 1117 399 1182 ad
426 1139 478 1182 me
504 1139 681 1202 numquam
707 1117 834 1202 putavi,
864 1117 929 1182 nisi
955 1117 1053 1198 forte,
1081 1141 1155 1184 cum
1170 1137 1196 1177 10

145 1207 287 1291 parietes
315 1205 523 1270 disturbabas
550 1211 607 1271 aut
635 1228 708 1272 cum
734 1206 830 1270 tectis
861 1207 1035 1271 sceleratas
1066 1206 1154 1272 faces

146 1295 322 1378 inferebas,
349 1316 496 1360 meorum
524 1294 646 1378 aliquid
674 1314 766 1358 ruere
790 1297 847 1358 aut
870 1293 1048 1396 deflagrare
1071 1296 1155 1360 arbi-

94 1387 161 1451 191
147 1384 287 1448 t.rabare
332 1381 425 1447 Nihil
452 1404 556 1466 neque
583 1404 691 1447 meum
719 1385 768 1446 est
794 1403 900 1466 neque
931 1383 1153 1467 quoiusquam,

147 1471 233 1555 quod
256 1471 385 1554 auferri,
409 1471 495 1554 quod
518 1471 607 1554 eripi,
631 1471 717 1554 quod
738 1470 803 1534 ami
805 1470 983 1554 ttipotest.
1020 1469 1055 1534 Si
1073 1472 1154 1536 mihi

146 1558 319 1643 eripuisses
343 1557 486 1623 divinam
509 1558 609 1623 animi
629 1558 693 1623 11111
711 1558 941 1622 conscientiam
959 1559 1040 1623 meis
1060 1561 1154 1644 curis,
1169 1577 1195 1618 1⁵

146 1646 282 1746 vigiliis,
314 1645 518 1710 consiliist
487 1650 574 1710 stare
601 1651 634 1710 te
661 1646 857 1711 invitissimo
885 1662 954 1711 rem
980 1647 1155 1747 publicam,

145 1734 175 1796 si
197 1733 293 1797 huius
317 1735 441 1798 aeterni
463 1733 611 1798 beneficii
633 1734 840 1799 inmortalem
863 1735 1053 1800 memoriam
1072 1736 1155 1800 dele

144 1821 263 1906 vissae,
294 1822 399 1886 multo
427 1822 526 1887 1111111
558 1822 678 1909 magis,
710 1823 738 1886 si
764 1823 856 1887 illam
884 1827 1038 1906 mentem,
1069 1824 1155 1889 unde

145 1910 225 1975 baec
249 1910 385 1975 consilia
407 1915 590 1994 manarunt,
612 1910 694 1974 mihi
716 1910 888 1994 eripuisses
894 1961 903 1993 ,
926 1915 997 1976 tum
1020 1932 1080 1996 ego
1104 1935 1153 1977 ac·

145 1999 269 2083 cepisse
292 2019 343 2062 me
364 1998 534 2063 confiterer
552 1999 713 2063 iniuriam.
745 1996 808 2063 Sed
826 1999 854 2063 si
872 1998 952 2064 haec
970 2021 1029 2065 nec
1046 1999 1154 2066 fecisti
1167 2017 1194 2058 20

145 2107 204 2150 nec
230 2085 336 2150 facere
363 2087 515 2170 potuisti,
546 2086 686 2151 reditum
719 2086 799 2150 mihi
829 2087 1044 2172 gloriosum'
1035 2088 1154 2154 iniuria

145 2177 203 2236 tua
223 2173 319 2256 dedit,
341 2194 407 2238 non
426 2173 491 2237 exit
492 2196 548 2236 um
566 2174 698 2238 calamit
684 2177 801 2238 t.osum
836 2175 927 2260 Ergo
947 2197 1007 2261 ego
1027 2197 1154 2261 semper

146 2259 304 2343 11111,11
331 2264 402 2325 tum
430 2261 581 2345 maxime,
614 2283 685 2326 cum
718 2283 824 2327 meam
854 2264 993 2328 salutem
1021 2269 1113 2328 senat
1114 2285 1153 2329 us

46 2362 49 2370 '
147 2310 264 2414 exteris
291 2351 350 2412 nat
335 2348 543 2414 tionibust
506 2355 543 2414 11
567 2349 647 2415 civis
675 2351 801 2435 optumi
828 2351 1088 2435 commendabat,
1116 2356 1154 2416 tu

145 2458 186 2500 ne
207 2457 292 2500 nuno
316 2435 459 2520 quidem,
487 2437 552 2502 nisi
577 2438 663 2503 forte
684 2439 770 2503 idem
793 2438 899 2504 hostis
923 2461 993 2504 esse
1016 2444 1049 2506 et
1072 2440 1152 2505 civis
1167 2455 1193 2497 ²⁵

145 2527 264 2608 potest
309 2523 363 2588 An
385 2529 422 2590 tu
445 2525 548 2591 civem
575 2527 616 2590 ab
643 2526 738 2591 hoste
705 2530 883 2592 tnatura
910 2549 948 2593 ac
974 2529 1060 2613 loco,
1086 2549 1154 2594 non

92 2594 126 2718 ,Ξ
146 2611 254 2677 animo
282 2611 441 2698 factisque
469 2614 534 2678 dist
520 2614 664 2701 tinguis?
710 2612 885 2679 Caedem
875 2637 911 2680 m
936 2615 1009 2681 foro
1036 2615 1152 2700 fecisti,

146 2704 251 2766 armat
252 2700 280 2765 is
237 2701 482 2767 tlatronibus
502 2704 626 2789 templa
644 2703 787 2786 tenuisti,
809 2703 1012 2787 privatorum
1030 2705 1154 2806 domos,

146 2788 240 2853 aedes
264 2811 372 2855 sacras
399 2790 579 2855 incendisti.
624 2789 690 2856 Gur
712 2752 817 2855 1111111
841 2788 1031 2875 Spartacus,
1060 2793 1088 2856 si
1116 2796 1153 2856 tu

144 2877 246 2941 civis?
290 2876 354 2942 Ρο1
339 2881 389 2942 111
412 2881 522 2942 autem
546 2899 615 2943 esse
637 2882 675 2942 tu
698 2878 791 2961 civis,
818 2883 954 2964 propter
977 2901 1072 2964 quem
1096 2881 1153 2945 ali·
1167 2896 1194 2936 ³0

145 2964 273 3048 quando
297 2965 411 3030 civitas
434 2987 500 3030 non
522 2965 586 3030 fuit
571 2967 666 3030 tet?
689 2988 740 3030 me
762 2971 820 3031 tuo
842 2967 973 3032 nomine
997 2968 1153 3054 appellas,
1280 2971 1281 2976 ’

145 3075 217 3118 oum
228 3073 339 3117 omnes
349 3075 421 3118 meo
436 3053 579 3118 discessu
593 3054 739 3118 exulasse
753 3075 823 3118 rem
836 3055 1001 3138 publicam
1014 3060 1130 3140 putent
1116 3057 1154 3122 t?

144 3139 380 3225 Numquamne,
398 3140 496 3206 bomo
511 3145 620 3206 ament
621 3142 739 3225 issime,
753 3141 826 3206 11
801 3143 1047 3227 circumspicies,
1063 3166 1153 3208 num-

145 3249 250 3312 quam,
273 3250 331 3294 nec
351 3229 428 3312 quid
445 3228 556 3314 facias,
578 3230 806 3313 considerabis,
823 3251 883 3295 nec
901 3231 979 3314 quid
997 3231 1154 3314 loquare?

143 3313 258 3379 Nescis
276 3316 407 3380 exilium
428 3317 585 3382 scelerum
604 3339 673 3382 esse
693 3339 840 3402 poenam,
863 3340 971 3384 meum
989 3318 1072 3383 illud
1089 3319 1195 3383 111115

143 3402 185 3467 ob
213 3403 490 3485 praeclarissimas
517 3427 569 3470 res
599 3427 619 3470 a
641 3428 692 3470 me
716 3410 826 3491 gestas
851 3427 922 3471 esse
945 3407 1154 3490 susceptum?

91 3505 123 3554 31
144 3489 263 3554 Omnes
283 3490 433 3554 scelerati
451 3493 575 3575 atque
566 3493 667 3577 impii,
687 3514 824 3576 quorum
842 3497 880 3557 tu
898 3497 931 3558 te
950 3494 1064 3560 ducem
1083 3515 1154 3559 esse
