2512 3932
354 160 423 219 nne.
441 161 462 217 1.
495 160 571 218 one.
590 168 634 232 er,
652 167 695 224 aa.
727 167 742 230 a
762 168 874 220 re-re.
1069 164 1113 231 27

109 322 788 498 lethadtlwtltaidlidelttff
810 325 963 480 catilli-¹?
983 324 1114 480 iliu

109 500 191 582 eius,
215 498 272 583 qui
295 521 315 564 a
338 496 456 566 Solone
483 503 553 565 erat
576 501 782 566 constitutus.
825 501 917 568 Licet
939 501 1051 568 eadem
1074 501 1114 566 de
1133 520 1166 570 ru

108 587 272 654 Pausania
303 586 533 672 Lysandroque
566 588 682 672 dicere,
714 611 852 673 quorum
883 590 979 656 rebus
1012 591 1114 677 gestis

84 697 310 760 aquamquam
336 675 508 760 imperium
530 675 792 742 Lacedaemoniis
817 683 945 759 purtem
970 683 1115 764 putatur,

109 769 221 830 tamen
246 785 287 828 ne
314 764 449 830 minima
475 764 604 848 quidem
632 787 671 830 ex
697 769 789 850 parte
815 765 955 852 Lycurgi
987 766 1114 852 legibus

111 855 142 916 et
175 851 366 936 disciplinae
399 852 583 918 conferendi
615 857 704 936 sunt3
738 853 817 937 quin
848 855 948 920 etiam
980 854 1022 920 ob
1054 854 1114 920 has

110 940 199 1025 ipsas
233 961 347 1006 causas
380 944 413 1005 et
443 941 645 1026 parentiores
676 941 860 1008 habuerunt
890 942 1050 1008 exercitus
1082 945 1115 1008 et

110 1027 273 1094 fortiores.
316 1027 400 1094 Mihi
427 1029 556 1112 quidem
582 1051 686 1114 neque
708 1030 817 1114 pueris
839 1030 934 1096 nobis
956 1029 999 1096 M.
1018 1028 1114 1097 Scau·

71 1139 95 1180 rc
108 1137 165 1182 rue
188 1113 224 1182 O.
247 1115 352 1182 Mario
382 1137 499 1200 neque,
530 1139 603 1182 cum
629 1139 831 1184 versaremur
857 1119 892 1184 in
917 1118 1114 1204 republica,

110 1203 145 1280 Q.
166 1201 303 1270 Catulus
321 1201 379 1270 On.
396 1203 550 1289 Pompeio
574 1205 684 1272 cedere
707 1206 890 1289 videbatur;
912 1207 1006 1291 parvi
1027 1207 1114 1273 euim

108 1295 187 1358 aunt
210 1291 291 1356 foris
314 1314 418 1375 arma,
445 1293 509 1358 nisi
535 1297 586 1359 est
617 1294 788 1360 consilium
820 1294 920 1379 dumi3
949 1315 1007 1359 nec
1038 1295 1114 1378 plus

108 1380 298 1464 Africanae,
311 1380 486 1466 singularis
506 1385 539 1447 et
552 1382 603 1448 vir
617 1386 650 1448 et
664 1382 849 1466 imperator,
867 1381 902 1446 in
919 1381 1115 1448 excindenda

108 1467 291 1534 Numantia
317 1468 365 1532 rei
391 1469 540 1553 publicae
562 1469 685 1553 profuit
713 1492 811 1553 quarn
833 1469 945 1534 eodem
967 1471 1115 1553 tempore

69 1577 95 1617 ιε»
107 1555 143 1622 P.
158 1553 281 1622 Nasica
293 1555 449 1641 privatus,
463 1579 536 1622 cum
550 1556 597 1624 Ti.
611 1556 791 1624 Gracchum
809 1557 987 1640 interemit3
1005 1577 1115 1642 quam·

108 1665 208 1730 quam
233 1643 312 1710 haec
334 1645 464 1728 quidem
496 1666 547 1710 res
576 1667 643 1711 non
670 1647 775 1712 solum
803 1667 842 1710 ex
864 1645 1042 1712 domestica
1065 1649 1114 1712 est

108 1732 239 1798 ratione
261 1729 412 1818 (attingit
431 1733 530 1798 etiam
547 1733 712 1818 bellicam,
731 1735 884 1818 quoniam
902 1735 936 1798 vi
953 1754 1114 1817 manuque

107 1819 259 1888 wnfecta
282 1818 355 1905 cst),
377 1820 433 1886 sed
455 1824 565 1886 tamen
582 1822 616 1886 id
638 1822 746 1906 ipsum
763 1826 814 1887 est
832 1825 960 1907 gestum
979 1822 1114 1888 consilio

107 1909 236 1974 urbano
259 1907 328 1974 aine
356 1908 505 1975 exercitu.
549 1909 636 1975 Illud
663 1913 772 1974 autern
799 1909 958 1993 optimum
985 1912 1049 1994 est,
1080 1910 1116 1973 in
1134 1923 1167 1974 rr
1229 1913 1233 1918 “

70 2017 95 2056 a
108 1997 198 2083 quod
219 1995 330 2062 invadi
353 1996 457 2062 solere
479 1997 521 2062 ab
543 1997 688 2084 inprobis
712 2001 746 2062 et
767 1996 885 2061 invidis
908 1995 1017 2061 audio:

152 2083 302 2150 Cedant
326 2106 431 2150 arma
452 2089 581 2170 togae,
604 2085 789 2152 concedat
812 2085 945 2150 laurea
967 2083 1083 2150 laudi

107 2172 156 2238 Ut
179 2172 267 2238 enim
294 2172 377 2238 alios
404 2173 568 2256 omittam,
593 2173 688 2239 nobis
715 2195 786 2239 rem
811 2173 976 2257 publicam
999 2173 1115 2258 guber·

106 2261 265 2327 nantibus
292 2281 399 2326 nonne
425 2264 522 2347 togae
554 2283 645 2327 arma
676 2262 862 2327 cesserunt?
894 2281 998 2346 neque
1028 2261 1115 2326 enim

106 2348 291 2435 periculum
321 2349 357 2413 in
386 2370 422 2412 re
453 2347 583 2434 publica
613 2349 677 2414 fuit
707 2350 839 2434 gravius
870 2369 1025 2432 umquam
1055 2368 1115 2414 nec

68 2437 216 2503 amaius
240 2437 352 2504 otium.
397 2435 449 2503 Ita
478 2437 622 2502 consiliis
645 2436 878 2524 diligentiaque
899 2438 1013 2502 nostra
1035 2435 1115 2500 cele

108 2525 192 2590 riter
211 2523 252 2588 de
271 2523 419 2590 manibus
438 2524 726 2590 audacissimorum
744 2525 862 2591 civium
876 2523 1010 2610 delapsa
1024 2543 1115 2588 arma

107 2613 182 2698 ipsa
210 2612 403 2678 ceciderunt.
448 2610 536 2687 Quae
567 2635 619 2678 res
651 2614 752 2698 igitur
780 2616 874 2698 gestu
899 2633 1054 2695 umquam
1080 2612 1116 2675 in

106 2701 197 2766 bello
221 2701 336 2765 tanta?
359 2700 415 2785 qui
435 2700 620 2785 triumphus
649 2699 880 2766 conferendus?
926 2699 1001 2764 licet
1029 2698 1115 2762 enim
1135 2713 1167 2764 78

107 2788 204 2872 mihi,
237 2786 280 2854 M.
307 2787 368 2871 fili,
400 2787 486 2872 apud
517 2791 550 2853 te
582 2788 729 2874 gloriari,
761 2787 802 2853 ad
833 2807 928 2870 quem
960 2789 994 2850 et
1024 2784 1115 2849 here-

69 2891 95 2934 ω
107 2877 196 2942 ditas
210 2875 307 2941 huius
322 2875 446 2962 gloriae
461 2880 493 2942 et
512 2875 672 2942 factorum
689 2874 830 2940 imitatio
848 2872 999 2957 pertinet.
1034 2871 1115 2938 Mihi

107 2964 242 3049 quidem
261 2967 348 3028 certe
366 2964 416 3028 vir
434 2964 600 3030 abundans
619 2965 744 3030 bellicis
763 2961 927 3044 laudibua,
950 2959 1007 3027 (ln.
1020 2959 1115 3026 Pom·

106 3051 889 3226 rar,all,terrenarum
907 3049 1028 3202 aar
1049 3048 1116 3201 rr
1246 3151 1247 3154 Ὗ

1016 3185 1025 3222 2

107 3249 182 3294 meo
201 3228 325 3294 iurem
343 3227 506 3312 publicam
524 3228 692 3310 beneficio,
710 3227 767 3292 ubi
785 3225 1013 3310 triumpharet,
1029 3230 1116 3292 esset

70 3314 293 3382 ambimus.
343 3315 425 3382 Sunt
456 3316 558 3402 igitur
589 3315 784 3382 domesticae
810 3313 1018 3380 fortitudines
1050 3333 1116 3378 non

107 3402 281 3470 inferiores
304 3403 515 3488 militaribus,
541 3405 577 3490 in
604 3402 720 3487 quibus
742 3403 817 3487 plus
840 3402 940 3468 etiam
962 3421 1060 3488 quarn
1081 3401 1117 3465 in

107 3490 161 3557 hie
184 3514 304 3578 operae
327 3492 488 3577 studiique
510 3491 695 3577 ponendum
718 3494 777 3556 est.
