2578 3950
388 183 462 239 caP.
483 191 595 240 14-1o.
632 191 778 251 eor-oo.
1004 183 1086 272 ,181

108 347 284 412 tolerabilius
316 346 388 410 tieri
417 349 541 430 potest:
586 345 695 430 Atque
725 345 788 411 hoc
819 345 949 430 quidem
980 344 1088 410 videre

107 435 178 518 licet,
203 456 267 518 coe,
297 435 353 518 qui
376 438 473 500 antea
495 434 671 500 commodis
694 433 815 498 fuerint
842 434 1001 517 moribus,
1028 433 1089 498 im-

105 523 185 606 perio,
205 527 379 607 potestate,
402 523 566 608 prosperis
588 522 685 586 rebus
708 522 891 601 inmutari[,
914 522 1023 607 sperni
1045 521 1088 586 ab

104 610 135 672 iis
161 615 278 675 veteres
311 611 484 694 amicitias,
516 609 677 695 indulgeri
703 610 821 690 nouis}
867 608 950 685 Quid
979 614 1088 674 antem
1106 624 1141 675 55

85 698 215 764 ostultius
234 721 340 783 quarn,
358 720 431 763 cnm
449 698 625 783 plurimum
645 698 756 783 copiis,
777 697 999 782 facultatibus,
1022 698 1089 781 opi-

103 785 150 849 bus
176 789 315 870 possint,
346 791 454 851 cetera
484 807 613 871 parare,
644 808 727 870 quae
758 790 916 871 parantur
944 785 1089 870 pecunia,

103 895 192 958 equor,
212 874 362 959 famulos,
384 877 509 939 vestem
532 874 711 960 egregiam,
733 895 813 940 vasa
835 874 988 960 pretiosa,
1010 873 1089 939 ami·

102 983 144 1025 oos
162 983 224 1028 non
244 983 375 1050 parare,
403 966 571 1047 optumam
594 966 627 1026 et
649 961 901 1047 pulcherrimam
923 963 1024 1040 vitae,
1051 965 1090 1026 ut

102 1049 138 1114 ita
156 1051 267 1130 dicam,
296 1050 554 1135 supellectilem?
584 1051 703 1115 etenim
731 1055 838 1116 oetera
865 1053 1090 1136 comparant,

76 1153 93 1191 1⁰
102 1139 141 1201 oui
159 1143 284 1223 parent,
309 1139 471 1221 nesciunt,
500 1159 560 1204 neo
587 1139 676 1204 ouius
703 1159 800 1204 cansa
826 1140 977 1204 laborent
1004 1136 1088 1224 (cius

102 1226 169 1290 enim
190 1232 241 1292 eat
257 1228 396 1292 istorum
420 1226 567 1312 quidque,
591 1227 646 1311 qui
664 1227 743 1292 vicit
760 1223 909 1313 viribus),
932 1227 1088 1292 amicitia·

100 1335 156 1378 rum
177 1335 233 1381 sua
255 1316 371 1400 cuique
393 1318 563 1400 permanet
587 1315 716 1380 stabilis
740 1319 773 1379 et
795 1319 885 1379 certa
912 1315 1089 1399 possessi03

100 1405 138 1480 ut,
161 1404 287 1470 etiamsi
308 1405 367 1469 illa
390 1407 556 1487 maneant,
584 1425 666 1488 quae
689 1406 765 1480 sunt
788 1402 881 1486 quasi
905 1402 991 1466 dona
1010 1401 1087 1466 For-

99 1493 192 1576 tunae,
217 1497 331 1558 tamon
353 1491 422 1557 vita
448 1492 572 1557 inculta
599 1494 633 1556 ot
659 1491 789 1556 deserta
814 1491 856 1555 ab
884 1490 996 1555 amicis
1022 1511 1089 1554 non

74 1592 91 1630 1⁵
99 1579 185 1661 possit
207 1601 279 1645 esse
301 1576 449 1644 incunda.
494 1577 558 1645 Sed
578 1579 659 1644 haec
681 1579 847 1644 hactenus.

151 1665 373 1733 Constituendi
392 1671 500 1732 autem
518 1670 604 1752 sunt,
628 1668 683 1751 qui
702 1669 768 1732 sint
787 1668 824 1732 in
836 1667 986 1733 'amicitia
1007 1667 1087 1732 fines
1100 1645 1141 1771 l}

99 1758 125 1816 et
142 1757 228 1838 quasi
251 1756 384 1821 termini
408 1755 571 1842 diligendi.
607 1755 656 1820 De
681 1756 798 1840 quibus
820 1759 889 1820 tres
907 1756 1001 1822 video
1020 1723 1123 1820 sen·5

98 1843 199 1908 tertias
220 1844 315 1928 ferri,
339 1865 475 1928 quarum
497 1843 622 1908 nullam
644 1845 762 1928 proho,
784 1865 896 1925 unam,
917 1848 955 1908 ut
976 1843 1089 1908 eodem

99 1930 177 1996 nodo
203 1953 284 2018 erga
310 1933 450 1997 amioum
478 1931 596 1996 adiecti
624 1932 738 2014 simus,
766 1951 830 2014 quo
858 1951 937 2015 erga
959 1935 1090 1995 nosmet

72 2015 179 2101 oipsoo,
201 2022 355 2104 alteram,
377 2024 414 2084 ut
436 2023 550 2085 nostra
572 2020 607 2083 in
630 2018 751 2084 amicos
774 2017 994 2083 benivolentia
1016 2019 1088 2083 illo-

98 2125 155 2170 mm
176 2129 253 2194 erga
277 2129 337 2173 nos
361 2107 599 2173 benivolentiae
625 2107 749 2192 paritor
776 2106 1018 2191 aequaliterque
1041 2128 1089 2172 re·

98 2195 249 2281 spondeat,
282 2195 430 2279 tertiam,
460 2198 510 2278 ut,
538 2196 652 2280 quanti
679 2195 815 2279 quiaque
843 2215 877 2259 se
903 2195 974 2280 ipse
1000 2194 1089 2278 facit,

97 2283 166 2346 tanti
186 2285 245 2349 fiat
269 2285 312 2348 ah
335 2285 455 2362 amicis.
491 2282 618 2349 Harum
635 2283 735 2348 trium
754 2283 988 2348 sententiarum
1005 2284 1140 2350 nullior

96 2389 211 2452 prorsus
235 2371 409 2437 adsentior.
449 2371 519 2437 Nec
541 2372 627 2436 enim
649 2372 709 2437 illa
730 2372 837 2456 prima
859 2393 937 2438 vera
959 2376 1018 2456 cst,
1042 2377 1088 2455 ut,

70 2467 87 2507 ²⁵
97 2476 176 2538 quem
198 2460 240 2526 ad
264 2460 396 2525 modum
418 2460 453 2524 in
476 2481 511 2524 se
534 2459 669 2544 quisque
692 2459 747 2542 sit,
770 2461 816 2526 sio
835 2461 870 2525 in
888 2459 1027 2526 amicum
1046 2460 1089 2525 sit

97 2546 252 2613 animatus.
290 2546 394 2622 Quam
412 2549 517 2613 multe
535 2548 630 2631 enim,
652 2569 735 2632 quae
751 2552 866 2613 nostra
884 2570 981 2614 causa
998 2570 1089 2614 nurn-

96 2652 178 2714 quam
198 2635 389 2720 faceremus,
413 2636 547 2702 iacimus
570 2657 668 2702 causa
691 2635 879 2701 amicorum!
902 2637 1027 2720 precari
1046 2637 1089 2700 ah

96 2718 229 2808 indigno,
257 2724 454 2809 supplicare,
481 2728 552 2789 tum
579 2722 725 2790 acerbius
753 2723 787 2786 in
815 2723 957 2806 aliquam
978 2723 1089 2788 invehi

95 2805 297 2896 insectarique
319 2813 555 2897 vehementius,
582 2811 726 2895 quaein
753 2809 876 2875 nostris
903 2810 1000 2874 rebus
1021 2831 1089 2876 non

68 2898 161 2962 aurs
178 2900 325 2984 honeste,
342 2900 378 2964 in
396 2900 573 2966 amicorum
591 2900 674 2965 finnt
691 2898 933 2982 honestissima
953 2900 1088 2964 multae·

94 3004 144 3065 que
165 3007 216 3052 res
241 2992 329 3072 sunt,
356 2989 392 3052 in
419 2989 536 3073 quibus
563 2987 602 3053 de
630 2988 697 3052 suis
725 2987 903 3053 commodis
927 2987 989 3051 viri
1010 2987 1089 3052 boni

94 3074 184 3140 multa
211 3075 389 3141 detrahunt
415 3075 605 3160 detrahique
637 3075 820 3160 patiuntur,
850 3078 889 3140 ut
919 3075 959 3138 iis
993 3074 1088 3140 amici

92 3161 188 3240 potius
212 3185 311 3247 quarn
331 3165 395 3249 ipsi
412 3164 570 3230 fruantur.
607 3163 723 3229 Altera
742 3163 903 3229 sententia
925 3165 983 3246 est,
1006 3184 1088 3246 quae
1106 3177 1140 3228 58

94 3245 192 3314 definit
211 3252 389 3318 amicitiam
406 3253 541 3338 paribus
560 3251 675 3318 officiis
695 3273 733 3317 ac
750 3249 985 3316 voluntatibus.
1016 3249 1088 3318 Hoc
1110 3263 1117 3276 ‘

66 3335 209 3415 ³⁵quidem
232 3344 282 3404 est
303 3341 401 3406 nimis
424 3341 538 3426 exigue
556 3345 589 3405 et
608 3339 735 3404 exiliter
753 3339 794 3404 ad
812 3339 954 3406 calculos
971 3360 1088 3406 vocare

92 3425 271 3512 amicitiam,
297 3432 336 3493 ut
362 3451 423 3514 par
450 3429 494 3493 sit
521 3428 605 3513 ratio
634 3432 839 3512 acceptorum
867 3432 901 3493 et
928 3428 1087 3494 datorum.

92 3504 222 3579 Divitior
245 3516 325 3582 mihi
349 3521 382 3582 et
405 3516 590 3582 affluentior
611 3513 739 3582 videtur
758 3537 827 3582 esse
846 3537 923 3582 vera
943 3517 1088 3581 amicitia
