2504 3950
344 168 412 224 LIB.
430 170 478 224 III.
515 168 592 226 CAP.
611 176 637 236 9,
657 171 697 226 10.
734 175 750 236 ξ
768 114 881 226 39—4i.
1053 171 1116 238 103

108 337 140 398 et
163 336 276 398 tamen
301 331 387 398 muri
415 351 546 397 causam
574 332 740 416 opposuit,
767 331 908 417 speciem
933 332 1116 400 honestatis

106 442 166 486 neo
193 419 400 506 probabilem
426 441 486 486 nee
518 440 596 484 sano
622 419 780 486 idoneam.
824 418 974 486 Peccavit
1005 421 1117 507 igitur,

107 529 187 593 pace
219 508 273 574 val
305 506 431 582 Quirini
462 507 516 574 vel
545 506 678 572 Romuli
709 507 853 574 dixerim.
906 507 975 576 Neo
1005 514 1116 576 tamen
1134 527 1167 574 42

106 601 243 662 nostrae
263 595 359 662 nobis
382 595 543 661 utilitates
570 595 770 662 omittendae
793 599 870 662 sunt
892 597 1029 682 aliisque
1051 602 1116 664 tra·

82 685 245 767 edendae,
272 705 345 750 oum
367 684 408 748 iis
431 683 495 768 ipsi
518 703 685 768 egeamus,
714 683 771 750 sed
794 705 870 752 suae
891 685 1007 770 cuique
1029 686 1116 752 utili·

8 809 9 812 *
107 773 183 855 tati,
212 771 299 856 quod
329 772 399 838 sine
427 770 561 838 alterius
588 771 707 836 iniuria
732 772 805 856 fiat,
832 773 1034 840 serviendum
1057 778 1116 840 est.

107 858 195 926 Scite
219 857 436 945 Chrysippus,
462 865 500 924 ut
527 860 644 925 multa:
673 858 760 935 ‘Qui
782 861 978 946 stadium',
1000 862 1117 946 inquit,

108 947 262 1032 ‘currit
290 948 387 1014 eniti
413 952 452 1012 et
480 946 710 1016 contendere
737 948 865 1032 debet,
897 971 1009 1034 quam
1042 970 1116 1015 ma·

106 1059 218 1102 sume
240 1036 383 1120 possit,
404 1040 446 1101 ut
462 1036 607 1120 sinuat,
629 1037 884 1122 supplantare
906 1059 1002 1122 eum,
1026 1059 1116 1122 quo·

72 1146 191 1192 ιυοιιω
223 1127 363 1206 certet,
395 1128 468 1190 aut.
492 1145 604 1190 manu
632 1123 829 1209 depellere
861 1125 970 1191 nullo
1002 1126 1115 1192 modo

107 1212 238 1296 debet3
270 1211 325 1278 sic
354 1212 394 1278 iu
420 1212 504 1279 vita
531 1212 609 1277 sihi
636 1233 822 1296 quemque
849 1216 994 1298 petere,
1018 1214 1116 1298 quod

107 1301 309 1386 pertineat
340 1300 387 1366 ad
417 1320 541 1383 usum,
578 1320 654 1366 non
685 1299 862 1384 iniquum
893 1304 965 1384 est,
998 1302 1116 1369 alteri

106 1390 286 1473 deripere
308 1388 367 1454 ius
389 1409 464 1454 non
487 1387 565 1454 est'

172 1477 325 1544 Maxuma
355 1481 463 1542 autem
494 1476 726 1561 perturbantur
758 1475 866 1544 officia
891 1475 928 1542 in
954 1476 1115 1562 amicitiis,
1134 1493 1167 1543 4³

70 1585 93 1625 n
106 1566 226 1650 quihus
250 1569 283 1632 ct
305 1586 370 1630 non
389 1564 542 1648 tribuere,
564 1564 651 1649 quod
668 1568 756 1630 recte
774 1564 891 1650 possis,
913 1568 948 1632 et
964 1565 1116 1651 tribuere,

106 1653 194 1738 quod
216 1675 283 1719 non
305 1654 349 1718 sit
371 1673 520 1737 aequum,
542 1656 656 1718 contra
679 1652 820 1718 officium
839 1656 897 1718 est.
935 1650 997 1720 Sed
1020 1653 1115 1722 huius

104 1741 235 1826 generis
262 1741 365 1808 totius
391 1741 489 1807 breve
517 1743 551 1806 et
575 1761 641 1806 non
668 1740 799 1806 difficile
826 1746 1035 1826 praeceptum
1058 1747 1116 1810 est.

105 1829 196 1905 Quae
220 1829 307 1894 enim
329 1829 478 1895 videntur
501 1829 604 1912 utilia,
627 1827 777 1912 honores,
800 1828 946 1914 divitiae,
968 1831 1116 1915 volupta-

104 1923 166 2002 tes,
187 1921 297 1982 cetera
320 1917 448 2002 generis
471 1917 629 2000 eiusdem,
651 1915 732 1982 haee
754 1916 916 1983 amicitiae
938 1939 1116 2001 numquam

69 2024 92 2064 a
105 2004 334 2091 anteponenda
361 2009 465 2106 sunt..
495 2005 542 2072 At
568 2025 672 2090 neque
706 2007 819 2070 eontra
850 2023 921 2106 rem
950 2005 1116 2090 publicam

104 2115 212 2248 ἓξὲξ
233 2097 353 2265 tlt?
368 2091 816 2264 ldslhhluielddih
829 2113 1117 2267 tutudit}

104 2270 199 2354 ponit
223 2270 310 2336 enim
332 2289 505 2354 personam
528 2269 634 2352 amici,
655 2290 729 2336 eum
750 2269 856 2336 induit
874 2270 998 2338 iudicis.
1034 2270 1116 2338 Tan·

104 2364 176 2424 tum
210 2358 303 2422 dabit
333 2357 509 2440 amicitiae,
544 2360 581 2422 ut
612 2377 723 2422 ueram
756 2357 852 2424 amici
882 2379 1012 2424 causam
1045 2381 1116 2426 esse

67 2461 92 2503 2⁵
105 2447 210 2528 malit,
232 2449 270 2510 ut
288 2445 429 2511 orandae
447 2445 516 2510 litis
535 2449 673 2530 tempus,
696 2445 802 2530 quoad
824 2447 990 2532 perleges
1009 2446 1115 2532 liceat,

104 2533 337 2600 accommodet.
372 2531 455 2599 Cum
478 2553 555 2599 vero
577 2534 685 2599 iurato
709 2535 870 2598 sententia
893 2533 1026 2602 dicenda
1044 2535 1115 2622 erit,
1133 2545 1167 2596 44

103 2622 292 2688 meminerit
314 2622 409 2689 deum
437 2641 472 2686 se
500 2621 653 2688 adhihere
678 2625 811 2704 testem,
838 2621 962 2706 idest,
989 2627 1027 2689 ut
1053 2645 1114 2709 ego

104 2711 263 2794 arbitror,
286 2714 428 2775 mentem
452 2731 558 2794 suam,
586 2732 651 2796 qua
673 2709 756 2774 nihil
779 2708 904 2774 homini
926 2709 1015 2775 dedit
1037 2709 1114 2777 deus

104 2799 174 2882 ipse
199 2797 348 2864 divinius.
384 2797 503 2882 Itaque·
524 2799 728 2882 praeclarum
751 2819 771 2862 a
793 2796 971 2863 maioribus
994 2797 1115 2882 accepi·

68 2901 177 2952 wmns
201 2907 326 2952 morem
349 2886 487 2972 rogandi
509 2885 632 2972 iudicis,
656 2886 684 2950 si
706 2906 780 2953 eum
802 2887 998 2969 teneremus,
1020 2903 1114 2964 ¹quinne

104 2991 219 3040 sanun
238 2992 323 3040 rann
342 2991 480 3040 racana
500 2991 628 3052 Possm.
665 2971 754 3040 Haec
776 2973 906 3058 rogatio
930 2972 971 3038 ad
989 2995 1027 3039 aa
1045 2995 1115 3058 per·

104 3063 203 3147 tinet,
236 3084 319 3146 quae
344 3063 444 3163 paulo
473 3067 548 3164 anta
577 3063 643 3162 dixi
669 3062 805 3162 honeste
833 3061 937 3162 amieo
965 3083 985 3129 a
1011 3061 1115 3163 iudice

103 3149 1115 3322 trualt?{littlettltlttlttttltttdld

69 3327 180 3392 assint.
225 3326 357 3410 Loquor
383 3331 493 3393 autem
521 3327 560 3392 de
587 3325 810 3392 communibus
841 3324 1006 3410 amicitiis3
1037 3347 1114 3391 nam
1133 3337 1144 3374 ι’

104 3414 138 3478 ἱιι
161 3415 365 3500 sapientibus
386 3414 467 3480 viris
487 3414 702 3500 perfectisque
719 3412 931 3499 nihilpotest
949 3434 1019 3478 esse
1037 3413 1113 3479 tale.

106 3499 286 3568 Damonem
309 3507 342 3568 et
360 3501 528 3568 Phintiam
547 3502 770 3587 Pythagoreos
793 3500 902 3566 ferunt
923 3500 987 3566 hoc
1004 3501 1112 3566 animo
