2578 3950
125 145 191 236 20⁰0
533 166 734 224 emenoni
760 177 766 186 ·

75 312 107 438 ,Ξ
126 333 241 417 opinor
273 331 403 396 bonum.
455 327 518 395 Sed
549 330 630 395 haec
660 329 764 395 videri
794 333 932 414 possunt
965 329 1136 415 odiosiora,

125 443 199 486 cum
222 419 341 484 lentius
365 419 587 503 disputantur3
613 418 683 484 vita
710 421 807 500 atque
834 416 931 483 factis
959 417 1136 484 inlustrata

127 513 204 574 sunt
226 528 426 572 summorum
449 507 593 572 virorum
615 506 708 589 haee,
736 526 818 588 quae
842 505 949 569 verbis
974 505 1136 589 subtilius,

127 617 224 681 quam
252 596 334 661 satis
362 599 425 679 est,
458 594 617 679 disputari
643 593 802 658 videntur.
847 591 974 668 Quaero
1002 594 1089 659 enim
1116 616 1136 658 a

125 684 229 768 vobis,
253 703 332 750 num
354 684 457 748 ullam
480 681 713 768 cogitationem
734 681 888 746 habuisse
910 681 1081 746 videantur
1102 681 1136 766 ii,
1164 701 1177 742 s

126 773 187 926 {¹3¹1}
205 771 563 925 lttltltlllt
577 768 1137 924 ttdtlltdlrtlttlt
1286 769 1287 774 i

127 949 168 1014 ad
188 883 440 1014 t‹llelectationem
463 880 521 1011 eget
544 945 756 1031 supellectilis
776 946 817 1012 ad
835 946 966 1012 delicias
985 949 1043 1011 aut
1061 967 1137 1031 epu·

75 1054 106 1103 11
127 1037 234 1101 larum
257 1036 298 1101 ad
319 1036 516 1120 voluptates.
551 1034 668 1099 Ponite
688 1038 764 1099 ante
782 1035 891 1100 oculos
909 1053 1010 1100 unum
1028 1055 1137 1118 quem·

127 1147 189 1209 que
211 1128 367 1190 veterum.
412 1122 523 1189 Voltis
546 1147 566 1188 a
587 1123 753 1188 Romulo?
776 1123 875 1187 voltis
898 1128 975 1207 post
997 1123 1136 1188 liberam
1151 1143 1177 1183 ιο

127 1212 292 1277 ciuitatem
316 1213 358 1277 ab
381 1213 422 1277 iis
444 1213 534 1297 ipsis,
558 1211 614 1295 qui
635 1211 879 1276 liberaverunt?
919 1209 1042 1286 Quibus
1065 1216 1136 1276 tan·

127 1301 200 1365 dem
232 1300 387 1386 gradibus
419 1300 578 1366 Romulus
612 1299 755 1366 escendit
789 1299 824 1363 in
860 1298 1008 1365 caelum?
1043 1299 1136 1383 iisne,

128 1411 210 1473 quae
232 1389 288 1453 isti
311 1389 397 1454 bona
420 1389 602 1474 appellant,
629 1409 672 1452 an
697 1388 794 1452 rebus
822 1387 925 1473 gestis
953 1391 1050 1472 atque
1073 1387 1136 1453 vir·

126 1477 275 1542 tutibus?
321 1475 427 1552 Quid?
459 1499 479 1541 a
509 1475 619 1561 Numa
649 1475 810 1559 Pompilio
842 1475 990 1540 minusne
1022 1479 1135 1562 gratas

127 1565 175 1629 die
203 1564 433 1630 inmortalibus
461 1564 634 1648 capudines
662 1585 699 1628 ac
726 1563 843 1630 fictiles
870 1564 1004 1628 urnulas
1035 1563 1136 1630 fuisse
1150 1583 1178 1624 15

127 1674 224 1737 quam
247 1652 396 1718 felicatas
419 1649 582 1717 Saliorum
605 1655 737 1737 pateras
756 1652 978 1717 arbitramur?
1010 1651 1136 1717 Omitto

75 1844 108 1892 12
126 1740 284 1893 §eliqugm
320 1744 397 1892 susst
423 1741 518 1893 teninr
531 1829 538 1841 ι
551 1761 662 1842 omnes
694 1761 790 1892 ptares
805 1740 908 1891 {nter
932 1761 985 1891 ste,
1005 1743 1136 1892 praettpr

126 1850 351 2002 rtltdtjr
369 1849 541 2002 ,ultr
558 1847 1137 2000 tllrtteritdrttlrldtr

127 2005 204 2089 quid
228 2006 459 2090 spectaverint,
482 2005 560 2089 quid
582 2005 685 2070 secuti
708 2005 787 2087 sint,
808 2025 887 2068 num
910 2004 983 2088 quis
1006 2004 1135 2089 existat,
1149 2023 1177 2064 ro

126 2094 178 2157 cui
199 2095 362 2177 voluptas,
385 2093 437 2159 cui
456 2092 597 2176 divitiae,
620 2093 671 2158 cui
690 2092 826 2177 denique
844 2097 976 2177 praeter
993 2091 1137 2167 officium

125 2179 222 2245 fortis
245 2185 279 2244 et
301 2181 413 2266 magni
434 2180 497 2245 uiri
515 2180 687 2264 quicquam
707 2181 795 2245 aliud
813 2181 1017 2266 propositum
1035 2179 1136 2245 fuisse

126 2268 296 2333 videatur?
343 2266 433 2344 Quae
455 2289 508 2332 res
531 2268 573 2332 ad
594 2289 705 2333 necem
728 2268 911 2334 Porsennae
935 2267 969 2335 O.
992 2268 1136 2334 Mucium

125 2356 246 2441 inpulit
269 2356 337 2421 sine
360 2357 429 2422 ulla
453 2377 510 2440 spe
533 2356 650 2421 salutis
674 2357 774 2422 suae?
798 2379 880 2441 quae
902 2358 953 2423 vis
977 2355 1135 2423 Coclitem

127 2448 240 2510 contra
263 2463 374 2509 omnes
397 2444 543 2508 hostium
565 2445 675 2529 copias
698 2445 805 2510 tenuit
826 2446 861 2509 in
883 2450 982 2529 ponte
1005 2446 1135 2510 solum?
1148 2462 1176 2505 25
1272 2502 1275 2508 .

127 2553 209 2616 quae
232 2535 359 2617 patrem
377 2531 522 2618 Decium,
546 2555 628 2617 quae
651 2533 755 2598 filium
779 2533 897 2599 devota
918 2535 988 2599 vita
1009 2533 1135 2598 inmisit

125 2621 160 2686 in
187 2625 332 2686 armatas
358 2621 504 2686 hostium
532 2621 665 2706 copias?
692 2622 769 2706 quid
796 2622 995 2688 continentia
1018 2620 1052 2686 Ο.
1074 2619 1135 2686 Fa-

125 2709 220 2794 brici,
245 2709 322 2794 quid
340 2710 482 2775 tenuitas
501 2709 606 2775 victus
625 2708 676 2776 Μ’.
697 2709 774 2775 Curi
798 2710 1015 2794 sequebatur?
1036 2707 1134 2794 quid?

127 2798 189 2862 duo
217 2798 462 2883 propugnacula
488 2797 569 2862 belli
596 2797 723 2882 Punici,
753 2797 809 2863 On.
837 2801 870 2862 et
896 2797 931 2863 P.
960 2797 1135 2883 Scipiones,

126 2885 1020 3040 arderemusediceremus

125 3063 241 3147 minor,
273 2997 370 3146 (11ιὶἀῖ
402 3062 488 3127 inter
518 2996 636 3127 h'oiim
669 3065 792 3126 aetates
824 3024 1016 3128 interiectus
1037 2995 1136 3141 bato,

127 3150 225 3234 quid?
261 3149 514 3216 innumerabiles
549 3149 606 3214 alii
638 3147 728 3234 (nam
760 3148 947 3215 domesticis
979 3151 1134 3234 exemplis

126 3236 343 3325 abundamus)
377 3238 582 3339 cogitassene
615 3238 787 3339 quicquam
818 3238 853 3302 in
881 3238 951 3303 vite
978 3238 1041 3302 sibi
1063 3256 1134 3302 esse

75 3391 107 3517 p
126 3324 845 3500 tilluttertullllltdllsll
861 3326 1135 3480 {trull-lte
1149 3343 1176 3386 ⁸⁶

125 3521 164 3568 cc
188 3498 366 3565 sententiae
390 3503 423 3565 ot
445 3501 512 3566 iam
534 3503 587 3567 vel
609 3502 675 3588 ipsi
696 3503 852 3581 iudicent,
879 3506 989 3568 utrum
1017 3523 1052 3568 se
1078 3503 1136 3568 ho-
