2542 3950
327 173 538 232 Poenarum.
556 174 591 233 Η.
609 174 649 231 IV
666 191 684 230 a
702 193 727 231 v.
747 181 895 232 crs-osc.
1052 175 1117 240 379

108 338 272 423 Perseepe
294 340 331 403 ut
354 359 492 424 parvum
513 342 649 402 trenens
668 337 882 424 geminaverit
900 337 1021 404 orbem.
1066 353 1118 404 eto

109 425 175 492 Hic
197 446 300 513 genus
323 429 356 490 et
379 445 490 491 suram
511 447 585 491 cum
608 423 718 490 Chelis
743 425 840 511 erigit
863 426 943 509 ulte,

108 513 186 601 Ipse
210 517 319 580 autem
340 533 494 599 praecepa
518 514 656 580 obscura
677 517 773 580 nocte
795 518 937 598 tenetur,

12 602 200 671 noenum
221 599 315 687 Nepa
338 605 372 667 et
395 601 587 667 Arcitenens
609 601 754 668 invisent
776 601 900 668 lumina
922 602 1017 687 cesli3

109 689 198 756 Nem
220 711 330 756 secum
352 689 494 756 medium
516 689 637 776 pendet
658 689 765 777 Nepa,
788 690 905 756 tollere
927 711 1004 758 vero

109 778 151 844 In
173 779 300 846 ceelum
321 781 429 844 totum
452 778 599 844 exoriens
622 779 793 845 conabitur
815 779 930 845 Arcus.
1068 793 1119 845 eet

109 866 174 932 Hic
196 866 303 932 tribus
327 867 433 932 elatus
456 888 530 932 cum
553 867 655 954 riguis
678 889 812 953 corpore
834 871 907 934 toto
1042 935 1056 948 ,,

109 955 225 1037 Lucet,
248 958 284 1020 et
306 955 450 1020 exoritur
472 954 579 1020 medis
601 954 640 1020 de
662 961 755 1040 purte
780 953 921 1040 Corona,

14 1051 100 1110 410
112 1041 286 1128 Ceudaque
310 1040 465 1109 Centauri
487 1047 631 1109 extremo
654 1045 792 1110 candore
814 1043 966 1131 refulget.

110 1130 175 1196 Hic
198 1151 232 1196 se
254 1131 321 1196 iam
343 1135 451 1196 totum
474 1153 585 1198 caecus
608 1131 720 1216 Equus
744 1131 836 1198 abdit
857 1133 892 1197 in
914 1132 1061 1215 umbras,

111 1219 214 1296 Quem
237 1219 337 1284 rutila
358 1218 488 1306 fulgens
511 1221 625 1305 pluma
646 1221 868 1305 praetervolat
889 1220 978 1285 Ales.
1068 1235 1120 1286 ooo

111 1307 238 1374 Occidit
259 1306 485 1374 Andromedae
507 1309 633 1374 clerum
655 1313 766 1394 caput,
789 1312 822 1374 at
844 1308 914 1374 fera
935 1307 1058 1374 Pistrix

111 1395 249 1462 Labitur
271 1396 438 1462 horribilis
461 1397 574 1482 epulus
596 1396 727 1462 funesta
749 1397 926 1481 requirens.

23 1484 206 1552 415Hanc
228 1488 342 1551 contra
364 1483 512 1569 Cepheus
534 1506 601 1551 non
623 1489 729 1551 cesset
750 1485 882 1551 tendere
904 1485 1045 1570 palmum

111 1571 177 1638 Illa
198 1594 300 1657 usquo
322 1572 365 1638 ud
387 1573 515 1659 spinum
537 1594 686 1661 mergens
710 1595 744 1638 se
766 1573 896 1639 caerula
918 1572 1037 1639 condit.

112 1661 159 1726 At
169 1658 317 1746 Cepheus
331 1665 429 1747 caput
443 1666 540 1746 etque
553 1683 682 1727 umeros
695 1662 887 1747 palmasque
901 1661 1046 1728 reclinat.
1069 1677 1120 1729 tot

157 1746 241 1815 Cum
263 1770 340 1814 vero
363 1750 413 1814 vis
436 1754 487 1814 est
508 1750 680 1815 vehemens
704 1754 817 1816 exortu
839 1748 975 1836 Nepai,

113 1837 194 1903 Lete
216 1837 290 1903 fusa
311 1837 416 1920 volet3
438 1840 474 1902 in
495 1843 594 1904 terrm
616 1839 731 1903 labitur
752 1839 851 1917 undo,

114 1925 269 2008 &uoco
289 1930 372 1992 meto
388 1925 550 2009 waldus
570 1927 712 1992 conditur
732 1945 806 1991 roro.

111 2013 195 2080 Pace
215 2014 308 2080 tuoe
330 2013 420 2080 liceat
440 2032 566 2080 comm
588 2015 765 2097 aptiores
786 2015 919 2092 umores,

118 2102 225 2186 Viros,
246 2107 318 2179 tum·
339 2101 433 2186 endi,
453 2121 577 2184 quomo,
598 2104 668 2169 ocni
683 2103 823 2186 plomto,
845 2102 966 2169 nuno.
1068 2117 1120 2169 ovo

112 2190 202 2255 Haec
215 2190 306 2270 famo
323 2195 368 2257 est
383 2190 552 2275 hominum,
573 2191 647 2257 toeo
662 2212 721 2276 per
738 2195 844 2257 terras
861 2190 951 2256 fame
969 2193 1120 2277 vagatur:

31 2285 102 2345 420
112 2276 161 2343 Ut
184 2278 346 2362 quondam
368 2277 470 2343 Orion
492 2279 641 2344 menibus
664 2280 804 2345 violasse
826 2278 967 2344 Dianam

112 2365 242 2432 Dicitur
265 2365 399 2431 excelsis
423 2385 534 2432 errans
557 2367 592 2431 in
614 2367 753 2432 collibus
776 2388 900 2450 emens,

112 2453 201 2530 Quos
223 2457 314 2520 tenet
336 2454 468 2540 Aegaeo
491 2454 596 2519 defixa
618 2454 653 2518 in
676 2454 806 2540 gurgite
829 2453 941 2536 chius,

112 2539 273 2608 Beoohica
294 2563 393 2626 quem
414 2540 511 2606 viridi
534 2542 693 2607 convestit
715 2542 859 2629 tegmine
881 2542 968 2607 ritis.
1069 2556 1121 2607 ers

112 2630 174 2695 llle
195 2630 282 2695 feres
305 2651 436 2696 vaecors
459 2630 581 2695 ementi
602 2630 697 2695 eorde
718 2631 857 2695 nocebat

33 2725 101 2785 425
114 2717 311 2804 Oenopionis
335 2739 432 2784 eveus
455 2718 567 2803 epulas
591 2738 706 2783 ornare
727 2718 871 2783 nitentis.

114 2806 160 2872 At
183 2827 260 2872 vero
283 2805 418 2890 pedibus
442 2805 551 2872 subito
574 2827 727 2891 percussa
749 2805 874 2870 Dianae

112 2893 226 2960 Insule
249 2893 398 2959 discessit
421 2893 618 2979 disiectaque
641 2916 720 2960 sexu
741 2894 902 2959 revellens

112 2981 256 3048 Perculit
279 2985 312 3047 et
335 3003 445 3048 caecus
468 2982 623 3048 lustravit
644 2983 715 3049 luce
738 2983 885 3065 leounus3
1069 2997 1121 3048 oso

112 3068 141 3134 Ε
165 3070 282 3155 quibus
304 3070 431 3156 ingenti
453 3070 565 3135 existit
586 3093 660 3136 cum
682 3091 817 3156 corpore
839 3090 917 3154 pree
940 3089 976 3134 se

36 3165 104 3224 430
113 3155 265 3243 Scorpios
287 3157 426 3223 infestus
448 3162 663 3243 praeportans
685 3158 794 3224 flebile
817 3177 959 3223 acumen

113 3245 177 3312 Hic
198 3245 307 3311 valido
330 3244 444 3332 cupide
467 3250 640 3311 venantem
662 3246 802 3333 perculit
824 3246 891 3312 ictu

112 3332 316 3400 Mortiferum
338 3334 373 3397 in
395 3354 493 3398 venas
515 3333 652 3399 fundens
675 3355 734 3420 per
755 3335 890 3400 vulnere
912 3333 1010 3398 virus.

111 3419 174 3486 Hlo
197 3421 291 3508 gravi
312 3421 453 3487 moriens
476 3422 656 3488 constravit
678 3443 813 3508 corpore
835 3425 966 3488 terrum.
1069 3436 1085 3486 o

112 3507 228 3594 Quare,
252 3531 326 3575 cum
348 3508 476 3597 mugnis
500 3530 571 3576 sese
592 3509 686 3597 Nepe
709 3511 835 3577 lucibus
859 3511 961 3595 effert,
