2570 3944
338 201 603 257 EPISTULARUM.
624 201 654 255 E.
674 199 854 256 XII-XVIII
874 208 896 256 1.
1060 201 1124 266 305

113 365 336 432 demonstrasse
357 362 447 446 diois,
474 363 597 429 Sullam
623 365 659 428 iu
685 363 742 429 itia
762 363 860 443 fuisse
880 363 1034 444 superiore
1055 383 1122 428 νον-

114 455 277 520 ίιννυίίοκο.
298 487 336 500 -
357 451 454 518 Sotot.
475 451 552 518 Bab.
570 454 605 517 tu
623 450 684 518 Oie.
702 468 745 516 or.
759 471 821 534 pro
838 451 968 518 Ptaaoio
986 451 1052 533 (38.
1067 451 1123 534 85)

109 564 144 626 p.
157 546 274 623 λίθον.
306 539 471 623 Sipuifioat
491 541 653 622 epistulam
675 559 738 604 uou
761 541 939 605 uieouereu
960 541 1003 605 aot
1024 541 1124 605 iustar

113 631 281 696 voluminis
305 630 464 712 scriptam,
490 649 584 710 quoru
606 627 751 710 Pompeio
777 630 813 692 iu
834 629 948 694 Asiam
974 629 1011 693 de
1035 629 1125 694 raus

86 720 182 784 aseris
200 719 235 790 im
252 717 413 784 moutam
427 718 519 799 pestis
480 718 666 782 ttruisera
682 715 785 784 Oioero
803 717 970 798 atiquauto,
992 721 1029 781 ut
1016 717 1124 781 mitet·

116 807 220 884 batur,
247 805 427 872 iusoteutius
453 806 611 888 scriptam,
641 809 677 869 ut
697 803 824 887 Pompei
850 805 1040 870 storuooturu
1061 817 1124 870 mou

114 895 303 959 modiooriter
320 895 521 976 commoveret,
538 894 620 975 quod
635 893 771 975 quadam
788 893 961 975 superbiore
974 894 1124 958 iootoutia

114 973 256 1048 ouurIus
282 1001 313 1048 se
336 981 479 1064 ploriosis
504 943 630 1047 iuribus
656 985 925 1063 autepoueretae-
954 980 1126 1061 Oifuerriut

115 1075 220 1136 autam
245 1089 279 1134 re
306 1087 394 1145 oera;
426 1083 501 1134 κυνί
528 1071 572 1136 sio
598 1067 735 1149 effoetum
762 1074 819 1152 est,
845 1074 881 1134 ut
906 1071 934 1134 ei
960 1069 1124 1153 Pompeius

71 1177 101 1218 10
115 1163 223 1224 ooutro
245 1118 430 1225 Clodianam
452 1159 515 1222 rim
537 1177 600 1223 κον
617 1158 874 1239 patrocinaretur.
999 1189 1002 1198 =

428 1458 507 1521 XVI.
541 1459 596 1519 AD
620 1459 811 1522 ATTICUM.

184 1595 304 1664 maus.
327 1597 351 1662 Ι
365 1617 397 1679 p.
420 1601 491 1662 146.
513 1599 553 1662 31
574 1596 655 1662 Keil.
679 1595 936 1684 Vectigaliorum
959 1596 1062 1665 Uioero
1083 1599 1127 1664 aa

117 1685 265 1752 Atticum.
309 1685 364 1767 (V.
388 1684 476 1766 iufra
498 1685 533 1749 F
553 1685 588 1749 X
608 1685 655 1767 4.)

518 1862 727 1871 ——-—-—

118 1987 213 2050 XVII.
247 1989 303 2050 AD
326 1986 528 2066 HERODEM,
552 1985 607 2048 AD
632 1985 824 2064 GORGIAM
846 1988 903 2049 AD
927 1983 1125 2053 PELOPEM.

77 2147 104 2186 ιι
185 2125 269 2191 Ρίκλ.
279 2124 339 2192 ou
349 2131 394 2192 24
406 2131 463 2191 eat
476 2121 663 2190 Ἐπιστολαὶ
654 2120 767 2234 παρὰ
780 2147 841 2191 τον
826 2123 1048 2211 ’Κικέρωνος
1062 2150 1076 2191 ε
1079 2125 1125 2192 iai

118 2209 212 2320 πρὸς
219 2209 433 2320 Ηριόδην,
413 2236 520 2314 ετεραι
543 2209 580 2278 δὲ
602 2208 684 2299 πρὸς
706 2233 766 2278 τον
789 2210 866 2279 octo
892 2251 941 2280 -.
977 2217 1125 2299 Γοργίαν

119 2297 212 2367 ot
179 2324 239 2366 ιον
262 2299 388 2409 ρηιορα
405 2299 601 2385 ateramum,-
623 2303 670 2378 είς
689 2296 815 2384 ἡδονὰς
833 2300 887 2366 καὶ
906 2299 1029 2380 πόπους
1044 2322 1124 2414 προ-

118 2385 213 2472 άγειν
240 2385 278 2454 τὸ
297 2387 479 2498 μειράκιον
506 2387 685 2454 ἀπελαύνει
712 2391 770 2473 τῆς
799 2394 980 2468 συνουσίας
1011 2387 1125 2458 αυτοῦ

14 2479 19 2490 ’
120 2476 188 2543 Καὶ
210 2474 331 2562 σχεδὸν
355 2473 437 2585 αὕτη
460 2499 495 2542 τε
517 2479 585 2542 τῶν
604 2472 806 2560 Ἑλληνικῶν
829 2477 965 2562 μίακαὶ
989 2480 1126 2565 temtor

14 3637 16 3683 I

15 3715 16 3744 ι

77 2587 105 2627 eo
119 2562 201 2673 πρὸς
188 2566 360 2633 Πέλοπα
386 2561 447 2631 τὸν
469 2562 654 2644 Βυζάντιον
681 2561 757 2629 ἐν’
740 2567 823 2674 οργῇ
846 2590 913 2632 τινι
936 2567 1125 2652 γέγραπται,

119 2649 179 2719 τὸν
211 2651 273 2738 μὲν
303 2657 450 2739 Γοργίαν
483 2648 588 2719 αὐτοῦ
618 2651 852 2764 προσγκόυτοος
882 2653 1126 2762 ἐπικόπτοντος,

119 2747 210 2826 είπερ
224 2731 269 2826 ἦν
282 2744 410 2826 φαῦλος
424 2739 479 2807 καὶ
493 2737 687 2823 ἀκόλαστος,
701 2761 784 2827 puro
795 2738 914 2824 ἐδόκει,
928 2738 1043 2850 πρὸς
1021 2741 1099 2809 δὲ
1066 2767 1126 2810 νον

120 2829 257 2896 Πέλοπα
279 2829 613 2939 μικρολογουμένου
608 2828 663 2894 καὶ
691 2831 993 2915 μεμψιμοιροῦντος
1016 2825 1126 2938 ὥσπερ

120 2913 331 3002 ἀμελήσαντα
349 2941 444 3003 τιμας
461 2942 553 2995 τινας
572 2913 662 3008 αὐτον
648 2916 734 2982 καὶ
748 2922 945 3003 ψηφίσματα
958 2915 1046 3006 παρὰ
1061 2925 1125 2986 Bo

78 3025 105 3066 ss
121 3010 261 3086 ζαντίων
280 3006 447 3090 γενέσθαι.

303 3222 413 3283 XVIII.
445 3222 498 3282 EX
521 3221 728 3283 EPISTUIIS
751 3219 946 3283 INCERTIS.

189 3359 215 3423 1
240 3358 368 3440 Quiutit.
389 3357 446 3422 IX
465 3363 494 3423 3
518 3363 558 3422 61
580 3359 649 3442 Epo
671 3379 710 3424 ue
732 3357 813 3423 illuri
832 3358 953 3439 quidem
975 3357 1121 3462 aposiope

118 3449 170 3513 siu
191 3467 308 3529 semper
329 3466 410 3524 voco,
437 3447 472 3511 iu
494 3465 552 3528 quo
578 3467 628 3514 res
648 3465 852 3530 armorumque
873 3446 1093 3529 retiuquitur
1079 3469 1121 3513 m·

119 3535 295 3620 tetlepeuda,
321 3541 358 3601 ut
379 3535 402 3618 †
425 3554 461 3601 ea
486 3555 565 3618 quae
590 3537 626 3602 iu
653 3534 791 3619 positis
813 3532 932 3601 Oioero:
957 3535 1044 3602 Data
1067 3535 1122 3600 Lu·

173 3647 280 3692 010.1v.
296 3649 315 3690 8-
934 3642 968 3693 20
