2578 3950
178 161 241 224 182
475 162 627 217 LAELIUS
645 162 694 216 DE
712 162 878 218 AMICITIA

174 344 235 387 nec
253 322 426 387 observare
444 323 603 407 restricte,
620 345 660 388 ne
677 324 752 407 plus
770 323 884 388 reddat
898 345 995 406 quam
1009 324 1184 407 acceperit,

175 433 279 494 neque
306 410 392 476 enim
419 411 595 476 verendum
622 414 685 493 est,
717 432 759 476 ne
787 411 863 495 quid
892 411 1031 494 excidat,
1058 415 1116 475 aut
1143 434 1184 477 ne
1264 481 1265 506 χ

177 498 255 581 quid
280 498 316 562 in
341 501 465 564 terram
492 499 625 582 defluat,
657 503 714 564 aut
743 521 786 564 ne
812 500 886 584 plus
914 521 1016 583 aequo
1044 499 1124 583 quid
1149 501 1186 564 in
1264 515 1265 602 p

123 602 157 650 59
176 586 354 651 amicitiam
380 592 583 672 congeratur.
628 587 756 652 Tertius
785 608 860 652 vero
888 587 944 652 ille
975 587 1049 650 finis
1083 588 1185 652 deter-
1264 605 1265 676 I

175 697 298 758 remus,
319 679 366 757 ut,
388 677 502 759 quanti
520 676 656 760 quisque
674 696 709 739 se
731 675 802 759 ipse
819 674 928 757 faciat,
950 675 1037 739 tanti
1059 675 1120 740 fiat
1142 676 1184 738 ab
1211 691 1223 734 s
1264 679 1265 720 I

176 763 298 829 amicis.
343 760 446 848 Saepe
474 765 560 828 enim
587 764 622 828 in
653 763 846 846 quibusdam
879 768 935 828 aut
967 762 1096 827 animus
1129 764 1186 828 ab·

175 851 290 916 iectior
322 854 373 915 cst
404 855 461 916 aut
488 872 562 936 apes
590 851 836 935 amplificandae
862 851 1012 916 fortunae
1039 850 1186 916 fractior.

175 939 252 1004 Non
279 942 329 1002 est
356 938 458 1023 igitur
485 940 580 1005 amici
607 939 709 1004 talem
736 961 806 1003 csse
828 939 863 1004 in
884 961 972 1021 eum,
999 938 1107 1022 qualis
1130 939 1187 1003 ille

175 1027 210 1090 in
232 1047 267 1090 se
291 1029 350 1109 est,
373 1026 428 1093 sed
451 1028 561 1111 potius
583 1027 663 1091 eniti
686 1033 719 1092 et
742 1027 880 1110 efficere,
902 1031 940 1092 ut
962 1026 1059 1092 amici
1082 1027 1188 1092 iacen-

175 1117 243 1177 tem
266 1115 410 1180 animum
429 1115 547 1180 excitet
564 1115 759 1199 inducatque
776 1117 812 1181 in
830 1135 921 1199 spem
939 1114 1224 1200 cogitationem-1⁰

176 1223 238 1285 que
261 1202 437 1269 meliorem.
472 1203 568 1270 Alius
591 1203 693 1290 igitur
714 1203 789 1268 finis
811 1224 906 1268 verae
925 1202 1088 1268 amicitiae
1111 1224 1187 1268 con-

176 1290 358 1356 stituendus
387 1295 450 1375 est,
480 1293 509 1357 si
534 1292 639 1376 prius,
671 1291 747 1376 qnid
775 1313 923 1356 maxume
950 1290 1189 1374 reprehendere

176 1375 285 1463 Scipio
312 1380 430 1444 solitus
457 1381 514 1458 sit,
541 1381 660 1445 dixero.
704 1378 857 1464 Negabat
879 1379 980 1443 ullam
1003 1399 1117 1444 vocem
1139 1379 1189 1442 in-

175 1467 354 1532 imiciorem
377 1468 539 1534 amicitiae
561 1468 708 1553 potuisse
730 1467 865 1551 reperiri
892 1489 989 1551 quam
1018 1467 1102 1550 eius,
1129 1468 1189 1551 qui

176 1554 311 1620 dixisset
343 1557 391 1619 ita
422 1577 532 1620 amare
563 1559 726 1640 oportere,
762 1559 799 1620 ut
823 1555 860 1628 ,sti
891 1555 1066 1639 aliquando
1099 1559 1226 1620 csset1⁵

177 1663 305 1725 osurus3
331 1653 390 1707 ne'c
416 1664 493 1708 vero
517 1665 552 1707 se
576 1643 690 1708 adduci
716 1665 826 1729 posse,
854 1646 891 1708 ut
917 1643 993 1725 hoc,
1020 1664 1118 1727 quem
1144 1644 1190 1708 ad

177 1730 307 1794 modum
330 1729 509 1814 putaretur,
533 1754 553 1796 a
574 1729 692 1796 Biante
715 1753 785 1796 esse
808 1731 929 1796 dictum
952 1730 1107 1813 crederet,
1130 1731 1190 1815 qui

176 1818 305 1902 sapiens
333 1818 464 1885 habitus
492 1823 578 1884 esset
605 1841 688 1885 unus
715 1842 734 1884 e
761 1823 898 1904 septem3
930 1818 1050 1904 impuri
1083 1819 1189 1884 cuius-

176 1905 250 1971 dam
273 1911 331 1972 aut
352 1907 519 1974 ambitiosi
542 1912 599 1974 aut
622 1907 731 1973 omnia
753 1908 794 1972 ad
817 1928 908 1974 suam
931 1906 1114 1991 putentiam
1139 1929 1188 1970 re

175 1996 322 2060 vocantis
349 2017 420 2061 esse
448 1997 651 2062 sententiam.
696 1995 843 2071 Quonam
871 1995 956 2059 enim
978 1996 1076 2060 modo
1101 1995 1188 2079 quis·
1202 2012 1227 2051 ω

176 2103 274 2164 quam
296 2084 419 2149 amicus
443 2105 513 2148 csse
536 2085 658 2168 poterit
681 2085 719 2168 ei,
741 2085 793 2150 cui
817 2105 851 2148 se
870 2082 998 2167 putabit
1017 2083 1187 2148 inimicum

176 2190 246 2234 esse
263 2171 382 2252 posse?
405 2171 484 2253 quin
507 2172 606 2236 etiam
628 2193 758 2238 necesse
781 2171 843 2236 erit
865 2193 981 2256 cupere
1004 2174 1037 2235 et
1060 2175 1187 2256 optare,

175 2259 212 2319 ut
240 2278 337 2340 quam
365 2257 553 2342 saepissime
580 2264 692 2344 peccet
723 2261 859 2343 amicus,
891 2280 953 2343 quo
985 2259 1098 2343 plures
1131 2259 1188 2324 det

176 2342 238 2410 sibi
252 2348 420 2429 tamquam
435 2367 531 2412 ansas
545 2348 586 2411 ad
600 2348 909 2434 reprehendendum
926 2368 1062 2411 rursum·
1076 2352 1187 2422 autem

175 2436 261 2496 recte
283 2431 379 2498 factis
402 2436 642 2521 commodisque
666 2437 843 2502 amicornm
865 2455 994 2500 necesse
1015 2435 1080 2500 erit
1099 2437 1187 2520 angi,
1201 2450 1227 2491 2⁵

122 2534 157 2585 oo
175 2519 293 2603 dolere,
311 2521 463 2588 invidere.
500 2523 605 2599 Quare
623 2524 685 2590 hoc
698 2525 827 2607 quidem
845 2527 1062 2609 praeceptum,
1083 2525 1188 2589 cuius·

175 2629 311 2692 cumque
330 2613 388 2694 cst,
407 2611 448 2676 ad
465 2612 645 2678 tollendam
662 2612 840 2678 amicitiam
857 2611 959 2694 valet3
976 2611 1059 2675 illud
1072 2612 1186 2696 potius

174 2697 435 2782 praeci-piendum
463 2699 540 2784 fuit,
570 2704 607 2765 ut
634 2721 711 2768 eam,
730 2701 933 2786 diligentiam
956 2698 1186 2765 adhiberemus

174 2787 209 2849 in
232 2787 383 2852 amicitiis
406 2789 642 2874 comparandis,
664 2793 701 2853 ut
723 2810 764 2853 ne
787 2788 915 2873 quando
935 2808 1045 2852 amare
1064 2787 1187 2872 incipe-

174 2895 282 2938 remus
310 2897 397 2959 eum,
427 2898 523 2959 quem
547 2877 721 2960 aliquando
745 2877 851 2942 odisse
873 2895 1052 2960 possemus.
1100 2875 1187 2952 Quin
1200 2891 1229 2932 ³⁰

175 2961 287 3044 etiam,
311 2963 339 3026 si
361 2964 467 3028 minus
489 2965 600 3031 felices
624 2965 658 3028 in
681 2965 845 3050 diligendo
867 2964 1058 3047 fuissemus,
1081 2963 1186 3030 feren·

174 3049 250 3114 dum
267 3049 301 3113 id
315 3047 422 3136 Scipio
442 3052 552 3135 potius
572 3075 668 3138 quam
687 3053 929 3118 inimicitiarum
948 3056 1078 3136 tempus
1098 3052 1186 3138 cogi-

173 3138 309 3202 tandum
331 3140 478 3223 putabat.

120 3201 161 3327 ἐξ
238 3223 299 3288 His
318 3226 420 3311 igitur
436 3227 555 3293 finibus
574 3228 730 3295 utendum
749 3230 899 3312 arbitror,
918 3231 963 3312 ut,
981 3249 1055 3294 cum
1075 3249 1185 3294 emen-

173 3309 241 3374 dati
263 3332 369 3378 mores
394 3315 570 3382 amicorum
595 3318 668 3400 sint,
691 3321 762 3383 tum
786 3319 829 3384 sit
851 3318 936 3383 inter
959 3338 1014 3382 cos
1037 3317 1185 3382 omnium
1201 3328 1228 3372 ³⁵

171 3417 293 3479 rerum,
321 3403 543 3487 consiliorum,
570 3407 777 3490 voluntatum
805 3407 873 3470 sine
901 3405 971 3470 ulla
993 3406 1184 3490 exceptione

172 3485 395 3571 communitas,
413 3493 459 3572 ut,
478 3491 607 3558 etiamsi
627 3514 690 3576 qua
703 3493 836 3560 fortuna
851 3493 1003 3560 acciderit
1016 3496 1054 3557 ut
1073 3493 1184 3556 minus
