2578 3950
432 206 506 263 cns.
527 213 569 275 ac,
589 213 631 263 aa.
672 213 838 274 ees-104.
1077 205 1141 273 195

132 374 183 436 est
206 370 248 434 ab
268 368 418 452 amand03
442 390 551 434 amare
569 373 679 433 autem
700 369 784 434 nihil
807 372 857 433 est
880 369 968 433 aliud
984 369 1049 433 nisi
1068 389 1140 434 enm

131 459 239 544 ipsum
267 456 414 544 diligere,
447 479 542 542 quem
570 477 673 542 ames,
704 457 795 522 nulla
826 456 1019 542 indigentia,
1048 457 1141 522 nulla

131 545 277 611 utilitate
301 546 462 629 quaesita3
486 567 568 629 quae
590 549 700 610 tamen
722 545 795 629 ipsa
813 545 992 610 ecflorescit
1010 567 1048 609 ex
1063 545 1141 609 ami-

133 635 225 718 citia,
256 633 385 699 etiamsi
412 637 449 698 tu
477 655 548 698 eam
575 633 682 698 minus
715 637 843 699 secutus
871 633 925 698 sis.
969 631 1040 698 Hac
1066 654 1126 697 nos
1142 645 1192 696 101

1 758 6 792 l
104 723 357 787 cadulescentes
378 721 598 786 benivolentia
623 742 713 786 senes
742 721 834 803 illos,
861 720 896 786 L.
919 719 1070 805 Paulum,
1097 720 1140 785 M.

133 809 300 894 Catonem,
323 809 358 875 Ο.
382 808 510 895 Galum,
535 809 571 874 P.
594 808 761 893 Nasicam,
787 809 835 874 Ti.
858 807 1053 888 Gracchum,
1076 806 1141 886 Sci-

133 920 239 1051 {tlt
261 897 793 1071 htlnslshss’illttut’.
810 897 1141 1069 hrundulfi?

132 1071 275 1158 Furium,
298 1073 333 1138 P.
355 1073 531 1158 Rupilium,
555 1071 608 1159 Sp.
622 1073 822 1138 Mummium.
854 1071 1007 1138 Vicissim
1031 1076 1141 1138 autem

93 1183 120 1222 ιο
135 1183 226 1227 senes
254 1162 288 1226 in
316 1161 569 1228 adulescentium
597 1161 733 1227 caritate
751 1161 1009 1246 adquiescimus,
1040 1165 1078 1226 ut
1106 1162 1141 1226 in

133 1255 252 1333 vestra,
274 1254 312 1314 ut
334 1251 368 1315 in
391 1248 427 1326 Q.
451 1249 644 1333 Tuberonis3
672 1249 819 1334 equidem
842 1249 942 1314 etiam
967 1249 1140 1315 admodum

134 1339 349 1404 adulescentis
379 1337 414 1403 P.
442 1337 559 1421 Rutili,
596 1337 636 1401 A.
663 1337 801 1423 Vergini
831 1337 1056 1402 familiaritate
1089 1338 1141 1402 de·

133 1428 244 1491 lector.
277 1424 500 1511 Quoniamque
522 1427 571 1490 ita
593 1425 678 1490 ratio
702 1429 890 1510 comparata
913 1430 964 1490 est
981 1425 1069 1491 vitae
1086 1447 1141 1491 na-

133 1519 289 1598 turaeque
307 1519 448 1599 nostrae,
470 1519 507 1579 ut
521 1515 587 1580 alia
600 1535 637 1579 ex
650 1515 717 1580 cleb
735 1517 825 1579 aetas
840 1513 979 1598 oriatur,
990 1535 1140 1579 maxume

95 1621 119 1662 ιε
135 1602 264 1687 quidem
288 1603 465 1687 optandum
489 1607 547 1688 est,-
570 1606 607 1666 ut
626 1624 698 1668 cum
722 1602 910 1687 aequalibus
934 1602 1049 1687 possis,
1073 1603 1140 1686 qui-

133 1691 268 1755 buscum
291 1694 459 1775 tamquam
478 1713 495 1755 e
515 1691 695 1757 carceribus
715 1692 851 1756 emissus
871 1691 926 1774 sis,
946 1713 1018 1756 cum
1037 1691 1140 1756 isdem

134 1779 176 1844 ad
198 1778 331 1861 calcem,
363 1783 401 1842 ut
423 1778 553 1864 dicitur,
580 1779 755 1864 pervenire.
801 1777 863 1844 Sed
891 1779 1043 1862 quoniam
1074 1800 1126 1844 res
1143 1789 1192 1838 102

133 1867 294 1932 humanae
316 1866 452 1953 fragiles
475 1867 676 1950 caducaeque
699 1870 788 1951 sunt,
813 1887 939 1950 semper
962 1866 1063 1950 aliqui
1087 1889 1140 1931 an-

135 1955 282 2040 quirendi
305 1960 393 2039 sunt,
418 1976 498 2038 quos
523 1955 697 2040 diligamus
716 1958 749 2019 et
771 1976 791 2018 a
814 1954 930 2038 quibus
953 1954 1141 2041 diligamur3

93 2063 120 2102 ro
134 2043 271 2109 caritate
303 2043 388 2108 enirn
420 2043 702 2126 benivolentiaque
739 2043 869 2107 sublata
906 2041 1011 2106 omnis
1044 2045 1094 2106 est
1123 2065 1140 2107 e

3 2137 4 2142 ’
133 2133 204 2196 vita
231 2131 362 2196 sublata
387 2132 579 2197 iucunditas
624 2131 706 2194 Mihi
728 2131 857 2214 quidem
881 2128 1001 2214 Scipio,
1031 2152 1140 2214 quaru-

135 2241 232 2304 quam
251 2223 302 2284 est
321 2219 429 2284 subito
449 2223 589 2304 ereptus,
606 2219 689 2284 vivit
702 2223 813 2283 tamen
832 2240 1021 2304 semperque
1038 2218 1141 2303 vivet3

133 2307 289 2372 virtutem
317 2308 403 2372 enim
431 2307 538 2373 amavi
564 2307 654 2372 illius
681 2307 756 2386 viri,
788 2328 870 2391 quae
902 2307 1044 2372 extincta
1074 2328 1141 2372 non

134 2399 201 2478 est3
229 2417 288 2460 nec
315 2395 397 2461 mihi
428 2396 491 2460 soli
522 2399 672 2461 versatur
702 2397 776 2459 ante
804 2395 929 2479 oculos,
961 2395 1017 2478 qui
1047 2394 1140 2460 illam

93 2501 119 2541 2⁵
135 2505 261 2568 semper
297 2483 332 2548 in
363 2484 512 2549 manibus
544 2483 659 2566 habui,
691 2482 747 2546 sed
779 2483 877 2547 etiam
906 2482 1046 2567 posteris
1079 2483 1141 2547 erit

134 2572 223 2636 clara
238 2575 271 2636 et
288 2571 435 2658 insignis.
463 2570 567 2636 Nemo
582 2591 737 2653 umquam
752 2569 859 2635 animo
875 2573 932 2634 aut
946 2592 1002 2655 spe
1016 2571 1141 2635 maiora

135 2659 302 2744 suscipiet,
329 2660 385 2743 qui
409 2659 559 2724 sibinen
582 2658 670 2722 illius
694 2657 884 2721 memoriam
907 2661 1004 2739 atque
1027 2659 1140 2743 imagi-

132 2769 207 2812 nem
226 2748 468 2832 proponendam
486 2751 587 2832 putet.
619 2745 779 2829 Equidem
795 2767 834 2808 ex
853 2744 1002 2808 omnibus
1020 2745 1127 2829 rebus,
1143 2761 1192 2810 103

134 2857 215 2920 quas
239 2836 319 2900 mihi
343 2841 400 2901 aut
421 2836 553 2900 fortuna
576 2837 633 2900 aut
651 2837 768 2898 natura
786 2832 912 2916 tribuit,
929 2831 1011 2895 nihil
1026 2831 1140 2918 habeo,

94 2924 220 3007 acquod
248 2945 321 2989 cum
353 2923 497 2989 amicitia
524 2920 682 3009 Scipionis
710 2921 833 3007 possim
861 2940 1058 3005 comparare.
1101 2920 1141 2985 In

6 3057 12 3078 .
133 3011 194 3077 hac
217 3011 298 3076 mihi
321 3012 360 3077 de
382 3033 417 3077 re
440 3012 571 3097 publica
593 3031 783 3094 consensus,
806 3010 841 3073 in
863 3008 924 3073 hac
946 3029 1054 3072 rerum
1077 3009 1140 3092 pri-

132 3103 283 3165 vatarum
307 3100 491 3182 consilium,
522 3100 556 3163 in
584 3099 695 3163 cadem
723 3097 850 3181 requies
875 3097 972 3181 plena
1000 3095 1140 3160 oblecta·

132 3188 232 3254 tionis
258 3187 331 3253 fuit.
376 3187 562 3270 Numquam
589 3186 684 3250 illum
706 3207 748 3250 ne
779 3185 913 3249 minima
945 3182 1074 3266 quidem
1106 3204 1142 3247 re

133 3276 260 3361 offendi,
284 3275 369 3361 quod
393 3275 522 3360 quidem
541 3274 704 3356 senserim,
721 3272 805 3337 nihil
824 3271 932 3337 audivi
951 3292 989 3335 ex
1008 3292 1046 3336 eo
1062 3270 1141 3356 ipse,

91 3381 117 3422 ³⁵
133 3364 219 3449 quod
250 3365 386 3447 nollem3
417 3385 482 3428 una
510 3362 622 3427 domus
655 3365 738 3446 erat,
775 3360 861 3425 idem
892 3358 1014 3444 victua,
1049 3359 1142 3444 isque

133 3453 326 3535 communis,
344 3473 448 3536 neque
473 3451 577 3515 solum
600 3449 731 3532 militia,
755 3449 811 3514 sed
835 3447 934 3513 etiam
956 3448 1141 3534 peregrina-

131 3542 237 3607 tiones
261 3541 552 3625 rusticationesque
576 3558 769 3605 communes.
800 3535 888 3603 Nam
912 3536 988 3621 quid
1008 3557 1068 3623 ego
1088 3536 1156 3599 der

876 3639 928 3695 13*
