2512 3932
321 203 392 259 LIB.
412 203 433 259 I.
472 201 548 258 CAP.
568 209 610 272 2⁹,
629 209 672 260 30.
709 209 724 270 ᾖ
745 209 892 261 103-109.
1070 201 1112 268 37

97 364 265 432 contemni
288 368 322 429 et
345 365 423 430 reici
446 369 608 449 oportere3
639 365 689 429 sin
713 365 756 429 sit
779 364 954 450 quispiam,
978 365 1034 450 qui
1057 364 1114 430 ali·

98 452 178 538 quid
206 453 335 518 tribuat
361 453 538 539 voluptati,
570 452 744 542 diligenter
776 453 805 517 ei
836 453 1011 518 tenendum
1043 473 1113 518 esse

97 542 170 608 eins
199 540 357 606 fruendae
384 541 524 607 modum.
568 539 685 626 Itaque
711 541 817 607 victus
844 541 1014 626 cultusque
1046 561 1114 607 cor·

97 629 191 716 poris
218 629 261 694 ad
287 629 508 696 valetudinem
535 629 696 696 referatur
722 632 756 694 et
783 628 824 694 ad
850 629 950 713 vires,
979 651 1045 695 non
1072 629 1114 695 ad

71 718 317 802 evoluptatem.
353 716 462 802 Atque
481 715 580 782 etiam
594 719 623 782 si
637 717 839 785 considerare
853 717 1012 801 volumus,
1031 739 1114 802 quae

99 807 197 871 sitin
209 809 328 872 natura
343 805 535 876 excellentia
547 810 581 870 et
594 803 747 892 dignitas,
759 805 997 894 intellegemus,
1016 827 1114 889 quam

100 895 145 960 sit
164 898 263 979 turpe
276 894 422 959 diffluere
436 894 564 959 luxuria
582 898 615 958 et
633 893 769 960 delicate
787 916 826 960 ac
843 895 987 959 molliter
1004 896 1114 960 vivere

100 1003 266 1067 quamque
288 981 461 1048 honesturn
483 1003 590 1067 parce,
613 983 827 1066 continenter,
851 1003 974 1067 severe,
998 982 1114 1048 sobrie

167 1069 431 1156 Intellegendum
445 1070 544 1136 etiam
559 1073 609 1136 est
623 1070 746 1136 duabus
762 1072 855 1156 quasi
868 1093 928 1136 nos
947 1093 967 1136 a
982 1075 1100 1137 natura
1116 1086 1166 1138 10⁷

60 1179 86 1219 ιο
99 1159 236 1224 indutos
259 1179 330 1224 esse
352 1158 514 1244 personis3
544 1179 681 1242 quarum
708 1181 773 1224 una
800 1159 979 1225 communis
1003 1164 1115 1224 estex

100 1269 149 1330 eo,
170 1245 260 1330 quod
278 1267 389 1313 omues
406 1246 581 1332 participes
600 1268 711 1313 sumus
731 1247 868 1312 rationis
883 1247 1115 1332 praestantiae

102 1356 166 1419 qne
191 1334 270 1419 eius,
293 1355 357 1420 qua
380 1336 603 1401 antecellimus
627 1334 751 1420 bestiis,
775 1357 794 1400 a
818 1357 882 1420 qua
904 1357 999 1400 omne
1017 1336 1115 1400 hone·

101 1427 194 1487 stum
217 1423 432 1507 decorumque
453 1423 605 1505 trahitur,
628 1427 662 1488 et
685 1445 724 1488 ex
746 1444 811 1507 qua
829 1423 913 1488 ratio
932 1423 1116 1488 inveniendi

101 1510 205 1577 officii
228 1511 422 1595 exquiritur,
445 1513 551 1577 altera
572 1516 694 1595 autem,
717 1533 799 1596 quae
822 1511 954 1596 proprie
977 1511 1115 1598 singulis

61 1619 87 1659 15
102 1604 155 1664 est
180 1598 314 1664 tributa
349 1597 396 1665 Ut
415 1599 500 1666 enim
519 1600 556 1664 in
577 1601 767 1685 corporibus
790 1621 929 1686 magnae
952 1599 1115 1664 dissimili·

101 1687 235 1752 tudines
253 1693 330 1752 sunt
348 1685 444 1772 (alios
462 1687 608 1753 videmus
627 1689 799 1755 velocitate
819 1689 860 1754 ad
876 1708 1014 1772 cursum,
1032 1687 1115 1753 alios
1148 1701 1151 1714 ·

101 1776 231 1842 viribus
253 1776 295 1840 ad
317 1775 505 1842 luctandum
527 1776 649 1859 valere,
675 1776 818 1861 itemque
841 1777 877 1841 in
902 1775 1017 1841 formis
1041 1776 1114 1840 aliis

102 1863 301 1950 dignitatem
332 1863 452 1949 inesse,
485 1864 558 1929 aliis
590 1863 824 1948 venustatem),
857 1865 904 1930 sic
934 1865 969 1929 in
999 1864 1115 1928 animis

101 1954 252 2018 existunt
273 1951 412 2016 maiores
431 1951 531 2018 etiam
548 1953 734 2017 varietates.
770 1951 853 2016 Erat
871 1949 1168 2036 inL.Orasso,108

63 2059 89 2099 so
102 2039 139 2106 in
161 2039 198 2104 L.
221 2039 375 2125 Philippo
402 2041 526 2106 multus
553 2041 658 2125 lepos,
687 2040 792 2105 maior
818 2039 919 2105 etiam
946 2039 1116 2124 magisque

104 2129 143 2194 de
167 2127 330 2194 industria
351 2129 386 2193 in
406 2127 441 2194 Ο.
460 2127 598 2194 Caesare
609 2128 652 2193 ·L.
674 2127 757 2213 filio;
780 2131 816 2193 at
837 2128 941 2193 isdem
962 2128 1117 2213 tempori·

103 2217 166 2282 bns
189 2216 226 2280 in
247 2215 291 2281 M.
314 2213 434 2283 Scauro
462 2220 496 2281 et
520 2216 561 2280 in
578 2215 622 2280 M.
644 2215 752 2282 Druso
780 2216 986 2282 adulescente
1009 2216 1117 2302 singu·

103 2305 185 2370 laris
209 2305 382 2388 severitas,
408 2305 444 2369 in
465 2303 500 2370 O.
523 2304 635 2370 hacho
663 2305 768 2370 multa
794 2304 959 2388 hilaritas,
986 2305 1022 2369 in
1048 2306 1117 2370 eius

103 2392 263 2458 familiari
290 2390 439 2477 Scipione
471 2392 606 2458 ambitio
639 2393 756 2478 maior,
787 2393 857 2458 vita
886 2392 1023 2459 tristior.
1068 2391 1117 2457 De

65 2499 90 2540 a
104 2480 241 2547 Graecis
265 2485 374 2546 autem
398 2481 524 2546 dulcem
542 2485 576 2546 et
597 2480 738 2546 facetum
761 2480 935 2566 festivique
959 2480 1117 2546 sermonis

104 2573 221 2722 atque·
236 2568 273 2634 in
303 2569 393 2670 cmni
423 2569 840 2722 ‹prastionetesimulatorem
871 2591 967 2722 quepp
994 2575 1118 2722 clippiaci

106 2677 461 2831 ,utilitati
490 2677 1117 2811 studfalsitatisque,

105 2834 177 2898 sinc
199 2833 270 2898 ulla
292 2833 469 2899 hilaritate.
509 2831 673 2900 Callidum
693 2831 913 2897 Hannibalem
935 2852 974 2896 ex
996 2830 1118 2898 Poeno·

66 2937 92 2978 ω
104 2943 189 3004 rum,
208 2942 248 2986 ex
265 2921 388 2986 nostris
408 2920 541 2987 ducibus
560 2920 596 2996 Q.
613 2921 791 2986 Maximum
810 2920 1000 3006 accepimus,
1022 2919 1119 2986 facile

105 3009 223 3091 celare,
241 3013 358 3093 tacere,
375 3008 589 3090 dissimulare,
602 3009 760 3093 insidiari,
772 3009 959 3094 praeripere
972 3008 1117 3074 hostium

105 3097 252 3163 consilia
288 3095 328 3162 In
350 3118 414 3180 quo
436 3118 552 3184 genere
571 3095 688 3163 Graeci
705 3097 959 3163 Themistoclem
982 3100 1016 3160 et
1037 3094 1119 3161 Phe·

104 3207 220 3251 raeum
240 3185 392 3252 Iasonem
415 3185 530 3251 ceteris
554 3188 771 3270 anteponunt,
792 3186 828 3250 in
849 3185 1028 3271 primisque
1050 3206 1119 3250 ver·

106 3276 220 3340 sutum
233 3277 275 3338 'et
297 3272 450 3339 callidum
472 3273 595 3338 factum
618 3271 761 3358 Solonis,
784 3273 850 3358 qui,
873 3295 937 3357 quo
961 3278 995 3338 et
1016 3273 1120 3340 tutior

71 3361 175 3427 seius
202 3361 274 3427 vita
300 3365 387 3426 essct
415 3365 448 3426 et
474 3362 549 3446 plus
577 3361 744 3446 aliquanto
772 3362 820 3426 rei
847 3361 996 3446 publicae
1025 3361 1120 3447 prod·

107 3455 202 3533 esset,
224 3449 332 3515 furere
351 3471 385 3514 se
409 3449 583 3516 simulavit.
620 3448 702 3515 Sunt
724 3448 777 3514 his
800 3449 858 3515 alii
880 3451 1020 3514 multum
1044 3448 1128 3512 dis-1

107 3559 216 3622 pares,
239 3537 403 3623 simplices
422 3542 456 3603 et
478 3537 598 3622 aperti,
620 3537 676 3622 qui
697 3535 781 3602 nihil
805 3558 843 3602 ex
865 3537 1008 3618 occulto,
1034 3531 1117 3596 nihil
