2504 3950
322 183 390 239 LIB.
409 183 443 238 Il.
482 183 557 240 CAP.
577 189 655 240 3-5.
692 191 707 250 ς
727 191 838 241 11-16,
1041 188 1082 253 61

94 347 1084 520 lustr,‘circumcurrit’,turult

94 517 145 592 uui
166 519 300 603 denique
323 542 362 586 ex
385 520 499 585 bestiis
521 520 646 588 fruetus
670 525 727 586 aut
754 543 836 606 quae
862 523 1084 608 commoditas,

92 605 148 671 uisi
165 605 311 674 homines
336 607 536 692 adiuvarent,
557 609 681 694 percipi
702 611 836 694 posset?
871 609 959 679 Nam
978 611 1085 697 etqui

73 694 239 778 ⁵pnnoipes
266 695 450 761 inveniendi
475 696 619 780 fuerunt,
649 718 745 780 quem
773 719 811 762 ex
838 720 965 786 queque
986 700 1084 766 belua

92 803 173 848 usum
198 782 319 848 habere
346 805 529 868 possemus,
560 783 707 849 homines
735 788 822 850 certe
850 785 995 871 fuerunt,
1025 808 1084 852 nec

91 869 143 935 hoc
161 873 309 956 tempore
332 871 401 936 sine
423 871 592 936 hominum
610 893 709 956 opera
728 877 785 938 aut
802 895 935 958 poscere
953 896 1007 940 eas
1028 878 1084 941 aut

93 955 208 1024 domare
226 963 287 1024 aut
303 959 388 1059 tueri
406 963 464 1024 aut
480 960 694 1044 tempestivos
711 960 836 1028 fructus
855 983 899 1062 ex·
912 962 952 1026 iis
971 983 1084 1048 capere

64 1047 868 1221 10lllllllttbaeulittllfflstlttpllltll?
889 1051 1084 1212 ttttll:
1104 1151 1136 1202 a

92 1242 198 1288 nerem
219 1223 343 1288 artium
364 1222 615 1308 multitudinem,
638 1223 709 1288 sine
730 1225 847 1307 quibus
865 1225 935 1289 vita
952 1224 1083 1290 omuino

91 1309 168 1374 nulla
193 1331 265 1376 esse
293 1311 475 1395 potuisset?
520 1309 583 1386 Qui
610 1311 696 1375 enim
720 1311 827 1396 aegris
851 1312 1084 1398 subveniretur,

92 1418 160 1479 quae
181 1401 269 1464 esset
290 1398 464 1466 oblectatio
483 1399 671 1482 valentium,
695 1399 751 1482 qui
768 1398 874 1464 victus
893 1401 950 1464 aut
967 1401 1084 1483 cultus,

91 1483 143 1548 uisi
171 1489 239 1552 tam
272 1486 396 1551 multae
428 1485 524 1552 nobis
561 1489 649 1552 artes
685 1485 930 1562 ministrarent?
967 1487 1084 1571 quibus

64 1572 173 1638 urebas
197 1574 330 1639 exculta
355 1573 524 1639 hominum
549 1574 620 1639 rite
651 1577 781 1640 tantum
812 1574 914 1640 distat
945 1597 965 1640 e
996 1575 1084 1642 victu

91 1663 118 1723 et
136 1663 220 1727 cultu
243 1661 435 1726 bestiarum.
475 1661 582 1727 Urbes
605 1683 681 1728 vero
705 1663 775 1728 sine
799 1663 968 1729 hominurn
991 1667 1084 1731 coetu

91 1761 145 1812 nun
164 1750 349 1834 potuissent
370 1771 429 1814 nec
452 1749 615 1814 aedificari
637 1771 696 1816 nec
718 1751 931 1836 frequentari3
959 1773 996 1816 ex
1020 1774 1083 1836 quo

91 1834 165 1921 leges
187 1858 360 1922 moresque
383 1837 566 1920 constituti,
592 1841 664 1902 tum
686 1838 766 1903 iuris
790 1860 893 1923 aeque
916 1838 1084 1924 discriptio

91 1927 226 2010 sedeque
252 1924 383 1992 vivendi
411 1924 596 2010 discipliue3
623 1945 705 2008 quas
732 1946 784 1990 res
811 1930 845 1991 et
870 1927 1083 1993 mansuetudo

64 2012 259 2080 sannorum
290 2015 463 2080 consecuta
494 2017 527 2078 et
557 2013 751 2079 verecundia
782 2017 833 2080 est
864 2013 1085 2099 effectumque,

92 2103 121 2162 ut
139 2106 222 2168 esset
246 2101 329 2184 vita.¹
339 2101 510 2184 munitior,
535 2104 633 2186 atque
654 2104 693 2166 ut
715 2099 820 2166 dando
843 2104 877 2166 et
899 2102 1083 2186 accipiendo

92 2191 327 2274 mutuandisque
352 2189 566 2255 facultatibus
593 2193 628 2254 et
658 2189 900 2256 commodandis
931 2191 1023 2257 nulle
1049 2212 1084 2256 re

93 2294 255 2359 egeremus.

145 2363 324 2453 Longiores
342 2366 404 2432 hoe
422 2366 495 2432 loco
514 2385 634 2446 sumus,
653 2387 751 2449 quam
768 2387 898 2434 necesse
916 2369 975 2432 est.
1005 2366 1084 2441 Quis
1103 2335 1136 2460 ᾗ

64 2455 133 2516 ²⁵est
157 2454 256 2539 enim,
284 2453 336 2520 cui
357 2475 422 2518 non
449 2453 621 2541 perspicua
643 2453 710 2518 sint
731 2453 804 2538 illa,
831 2475 914 2538 quae
936 2454 1084 2540 pluribus

92 2539 185 2606 uerbis
212 2565 234 2608 a
260 2541 417 2608 Panaetio
449 2545 756 2624 commemorantur,
787 2543 950 2609 neminem
981 2563 1084 2626 neque

93 2625 190 2694 ducem
211 2629 302 2694 bello
325 2650 385 2694 neo
406 2629 585 2714 principem
608 2629 696 2696 domi
718 2649 854 2714 magnas
876 2651 929 2694 res
950 2633 983 2694 et
1000 2630 1084 2694 salu·

92 2715 166 2781 teres
193 2719 264 2782 sine
291 2716 460 2781 huminum
488 2716 604 2782 studiis
636 2737 747 2803 gerere
778 2717 946 2800 potuisse?
991 2715 1085 2781 Conr-

93 2809 278 2880 memoretur
300 2804 342 2869 ab
365 2826 403 2869 eo
427 2802 669 2888 Themistocles,
691 2803 842 2886 Pericles,
864 2801 976 2886 Cyrus,
999 2802 1084 2888 Age·

65 2887 189 2975 usurus,
205 2891 400 2975 Alexander,
418 2913 499 2976 quos
512 2896 612 2978 negat
627 2893 696 2957 sine
710 2890 903 2956 adiumentis
916 2890 1085 2956 hominum

93 2977 189 3044 taus
214 3001 268 3045 res
296 2979 421 3045 efficere
447 2979 601 3065 potuisse.
647 2978 761 3055 Utitur
785 2979 820 3042 in
841 3000 877 3043 re
898 2999 965 3048 non
987 2979 1085 3044 dubia
1148 3044 1151 3048 .

93 3064 219 3132 testibus
241 3088 309 3134 non
329 3068 528 3134 necessariis.
573 3066 682 3150 Atque
704 3071 900 3152 utmagnus
924 3066 1084 3131 utilitates

94 3151 289 3238 adipiscimur
318 3155 557 3239 conspiratione
589 3155 757 3220 hominum
789 3158 886 3238 atque
918 3173 1085 3236 consensu,

94 3238 132 3304 sic
150 3243 240 3308 nulla
261 3246 331 3308 tem
354 3243 555 3308 detestabilis
574 3243 676 3326 pestis
696 3246 755 3326 cst,
778 3263 860 3326 quse
878 3263 944 3308 nun
960 3242 1086 3308 homini

68 3325 275 3396 euthonius
296 3334 457 3397 nascatur.
493 3329 554 3396 Est
572 3330 763 3396 Dicaearchi
781 3330 865 3396 liber
888 3329 926 3396 de
948 3330 1084 3396 interitu

94 3410 263 3502 hominurn,
285 3417 494 3504 Peripatetici
516 3418 629 3504 magni
650 3421 683 3482 et
706 3417 838 3503 copiosi,
861 3419 916 3502 qui
939 3418 1084 3484 collectis

96 3505 197 3570 ueteris
219 3506 323 3572 causis
347 3506 514 3589 clusionis,
537 3506 755 3592 pestilentiae,
777 3506 954 3590 vastitatis,
974 3506 1084 3570 belua·
