2504 3950
367 190 434 248 LIB.
453 191 500 248 III.
530 190 604 248 CAP.
623 198 650 260 2,
668 197 693 248 3.
721 197 736 258 5
756 198 851 248 7-15.
1068 195 1111 260 93

100 353 183 418 dere.
230 351 347 438 Itaque
379 353 559 438 accepimus
587 351 753 419 Socratem
786 355 945 420 exsecrari
977 355 1112 422 solitum

99 461 169 519 eos,
201 441 259 525 qui
290 441 431 526 primum
463 441 542 508 haec
573 446 692 508 natura
723 442 929 508 cohaerentia
961 444 1111 528 opinione

99 529 338 594 distraxissent.
383 527 444 594 Oui
467 530 597 613 quidem
618 531 667 594 ita
689 535 766 596 sunt
788 527 889 595 Stoici
913 531 1051 615 adsensi,
1073 537 1111 597 ut

99 621 144 699 et,
173 617 327 701 quicquid
349 617 523 683 honestum
551 623 659 701 esset,
676 618 722 683 id.
737 618 818 682 utile
846 639 916 684 esse
943 624 1112 684 censerent

73 722 157 770 suec
171 705 254 770 utile
269 705 451 790 quicquam,
465 705 551 790 quod
563 728 628 772 non
641 707 823 772 honestum.
847 705 969 782 Quodsi
982 707 1010 771 is
1025 713 1111 773 esset
1132 726 1163 775 12

97 793 289 877 Panaetius,
322 794 378 877 qui
404 794 559 859 virtutem
585 799 759 880 propterea
786 793 956 860 colendam
979 795 1112 879 diceret,

100 881 186 966 quod
209 903 249 946 ea
272 881 414 947 efficiens
437 882 592 948 utilitatis
615 887 714 966 esset,
741 887 778 947 ut
800 884 838 967 ii,
865 883 923 966 qui
944 905 996 948 res
1019 905 1112 968 erpe-

99 970 214 1035 tendas
238 970 290 1034 vel
312 970 481 1054 voluptate
503 970 556 1035 vel
579 970 757 1036 indolentia
779 973 979 1055 metiuntur,
999 971 1113 1038 liceret

100 1059 129 1122 ei
151 1057 260 1123 dicere
282 1058 460 1123 utilitatem
479 1058 652 1141 aliquando
672 1080 745 1124 cum
762 1058 934 1124 honestate
952 1081 1113 1145 pugnare;

64 1163 87 1204 1⁰
100 1146 155 1211 scd
183 1167 259 1212 cum
287 1145 330 1210 sit
357 1147 400 1230 is,
432 1146 488 1229 qui
514 1146 548 1210 id
580 1148 686 1211 solum
713 1147 835 1212 bonum
861 1148 993 1230 iudicet,
1025 1148 1112 1232 quod

99 1236 275 1300 honestum
299 1233 355 1315 sit,
374 1255 457 1317 quae
480 1237 589 1298 autem
612 1234 688 1300 huic
710 1238 892 1319 repugnent
912 1236 1017 1318 specie
1036 1258 1112 1319 qua·

100 1323 175 1390 dam
188 1321 357 1405 utilitatis,
375 1342 488 1386 eorum
500 1343 605 1406 neque
623 1323 805 1387 accessione
823 1321 992 1387 meliorem
1009 1323 1112 1388 vitam

99 1411 171 1475 lieri
187 1431 248 1475 nec
267 1409 451 1474 decessione
468 1411 621 1494 peiorem,
643 1431 709 1474 non
729 1409 857 1474 videtur
876 1409 1024 1474 debuisse
1043 1411 1112 1475 eius

99 1498 188 1563 modi
212 1497 479 1562 deliberationem
507 1498 725 1581 introducere,
751 1497 786 1562 in
813 1519 891 1582 qua,
918 1498 1004 1582 quod
1032 1498 1112 1562 utile

63 1603 86 1644 1⁵
99 1587 280 1668 videretur,
302 1607 376 1651 cum
398 1607 450 1669 eo,
474 1585 560 1670 quod
581 1586 756 1651 honestum
778 1590 838 1670 est,
860 1589 1112 1671 compararetur.

99 1673 233 1740 Etenim
258 1673 345 1757 quod
365 1695 529 1739 summum
551 1675 674 1738 bonum
696 1697 723 1738 a·
739 1672 857 1739 Stoicis
881 1674 1013 1758 dicitur,
1040 1694 1113 1738 con·
1133 1691 1164 1740 13

97 1762 267 1828 venienter
294 1765 430 1827 naturae
457 1763 579 1846 vivere,
609 1762 644 1826 id
671 1762 772 1826 habet
798 1761 895 1846 hanc,
923 1766 961 1826 ut
988 1762 1114 1848 opinor,

99 1849 312 1916 sententiam:
348 1871 421 1914 cum
456 1850 579 1914 virtute
615 1870 793 1935 congruere
829 1870 970 1934 semper,
1005 1854 1114 1914 cetera

99 1943 225 2020 autem,
248 1959 331 2021 quae
354 1937 528 2003 seeundum
549 1941 701 2004 naturam
724 1940 846 2020 essent,
869 1937 917 2002 ita
939 1937 1062 2022 legere,
1085 1936 1113 2000 si

63 2044 87 2084 ¹⁰
100 2049 139 2091 ea
161 2025 281 2090 virtuti
301 2046 369 2090 non
388 2030 615 2112 repugnarent
652 2024 745 2101 Quod
763 2046 835 2090 eum
853 2024 902 2089 ita
920 2023 972 2108 sit,
995 2026 1113 2108 putant

99 2113 234 2198 quidam
261 2112 345 2178 hano
372 2113 648 2198 comparationem
677 2135 744 2179 non
771 2117 858 2178 recte
884 2112 1113 2195 introductam,

30 2266 34 2275 ,
98 2223 158 2267 nec
191 2201 324 2266 omnino
357 2201 397 2266 de
429 2222 466 2267 eo
499 2223 616 2288 genere
650 2202 822 2286 quicquam
850 2200 1114 2286 praecipiendum

97 2290 210 2356 fuisse.
256 2287 360 2373 Atqui
394 2289 476 2356 illud
504 2290 633 2374 quidem
655 2291 842 2373 honestum,
870 2289 956 2373 quod
982 2289 1114 2374 proprie

98 2399 241 2462 vereque
269 2377 400 2460 dicitur,
426 2376 460 2442 id
486 2377 522 2442 in
548 2377 750 2462 sapientibus
778 2382 828 2442 est
855 2377 934 2442 solis
962 2398 1066 2460 neque
1094 2399 1115 2440 a

62 2467 224 2532 nurture
247 2465 360 2530 divelli
382 2487 536 2548 umquam
558 2469 682 2552 potest,
708 2465 743 2532 in
770 2466 811 2531 iis
835 2470 957 2542 autem,
983 2465 1019 2529 in
1045 2463 1114 2548 qui·

98 2555 163 2619 bns
190 2553 353 2639 sapientia
379 2552 524 2638 perfecta
550 2573 616 2618 non
644 2557 706 2637 est,
738 2553 847 2638 ipsum
874 2552 957 2617 illud
983 2552 1114 2636 quidem

98 2642 282 2728 perfectum
305 2641 478 2707 honestum
499 2641 591 2706 nullo
609 2641 715 2724 modo,
738 2639 966 2705 similitudines
985 2639 1115 2708 honesti

100 2752 171 2796 esse
194 2733 343 2814 possunt.
380 2727 470 2794 Haec
494 2729 579 2794 enim
602 2729 719 2811 officia,
742 2727 780 2792 de
804 2727 921 2811 quibus
944 2727 996 2790 his
1019 2726 1113 2791 libris
1134 2741 1167 2791 14

95 2818 318 2903 disputamus,
335 2817 443 2884 media
456 2814 557 2883 Stoici
575 2817 757 2902 appellant3
781 2836 819 2880 ea
836 2814 1020 2880 communia
1038 2817 1114 2892 sunt

63 2922 87 2962 ω
100 2911 133 2972 et
160 2907 230 2971 late
258 2909 386 2991 patent3
417 2926 498 2988 quae
527 2908 560 2969 et
586 2904 709 2990 ingenii
735 2903 883 2970 bonitate
911 2902 1008 2968 multi
1030 2923 1114 2966 asse·

99 2997 247 3078 quantur
275 2996 309 3056 et
335 2993 563 3077 progressione
591 2991 742 3058 discendi.
787 2990 875 3056 Illud
904 2994 1013 3056 autem
1044 2990 1114 3055 offi-

99 3082 201 3160 cinm,
224 3080 313 3165 quod
339 3084 464 3146 rectum
491 3080 577 3144 idem
603 3079 784 3165 appellant,
813 3079 994 3166 perfectum
1016 3081 1114 3161 atque

100 3170 292 3236 absolutum
325 3171 375 3236 est
407 3171 453 3251 et,
484 3170 522 3232 ut
551 3167 636 3232 idem
668 3167 792 3250 dicunt,
823 3187 934 3232 omnes
961 3186 1113 3231 numeros

99 3256 202 3322 habet
234 3277 294 3322 neo
326 3259 456 3340 praeter
488 3255 668 3339 sapientem
700 3255 813 3322 cadere
849 3255 884 3320 in
920 3275 1113 3338 quemquam

3 3405 5 3412 ,
65 3349 221 3430 ³⁵potest
260 3342 343 3410 Oum
366 3347 475 3408 autem
499 3343 621 3428 aliquid
644 3346 753 3408 actum
776 3343 897 3426 est,'in
921 3363 983 3426 quo
1007 3341 1113 3408 media
1134 3357 1165 3405 15

3 3445 4 3488 l
101 3433 211 3498 officia
229 3436 450 3516 compareant,
467 3431 501 3496 id
519 3432 681 3497 cumulate
695 3431 824 3495 videtur
841 3452 911 3496 esse
925 3429 1113 3514 perlectum,

101 3525 277 3606 propterea
296 3519 382 3604 quod
400 3519 527 3606 volgus,
550 3518 627 3603 quid
646 3519 733 3583 absit
751 3541 770 3582 a
788 3518 940 3604 perfecto,
962 3538 1028 3580 non
1045 3516 1113 3578 lere
