2578 3950
339 149 341 156 “
461 169 537 224 cAP.
556 176 582 232 a,
601 177 626 226 e.
653 175 668 236 s
688 176 800 226 14-1o.
994 161 996 164 ’
1070 165 1152 240 219Χ

126 334 391 416 senectutemque
414 331 617 416 conpellitur.
661 330 754 398 Hanc
776 330 879 418 igitur
900 331 1016 398 habuit
1037 334 1135 397 ratio·

126 442 203 488 nem
226 420 359 486 effector
383 418 494 487 mundi
518 423 551 484 et
577 419 711 486 molitor
740 419 831 503 deus,
861 423 898 484 ut
927 442 1027 486 unum
1055 443 1135 506 opus

125 513 234 574 totum
258 512 355 592 atque
376 507 555 593 perfectum
573 529 611 572 ex
631 507 780 574 omnibus
805 510 838 573 et
856 507 936 574 totis
955 511 1053 593 atque
1066 530 1136 594 per·

125 597 220 662 fectis
244 595 441 679 absolveret,
469 596 555 680 quod
577 595 666 660 omni
688 596 803 662 morbo
825 599 860 662 et
883 595 973 662 senio
995 601 1134 662 vacaret.

98 683 279 750 sIlormam
294 688 403 750 autem
422 687 456 748 et
474 683 613 752 maxime
631 688 808 769 cognatam
822 688 855 750 et
869 683 1019 750 decoram
1038 685 1134 750 dedit.
1154 687 1174 750 6

127 773 158 838 Α
181 794 246 856 quo
269 771 355 838 enim
378 771 537 838 animanti
560 772 664 869 omnis
687 772 831 856 reliquos
854 772 1013 838 contineri
1035 773 1136 838 vellet

126 860 322 942 animantes,
349 860 434 927 hunc
458 881 496 924 ea
517 858 625 924 forma
645 859 814 946 figuravit,
842 881 906 944 qua
927 882 993 926 una
1023 882 1134 926 omnes

125 948 250 1014 formae
272 947 417 1032 reliquae
440 946 688 1030 concluduntur,
718 951 751 1012 et
769 948 944 1033 globosum
965 952 1018 1013 est
1035 948 1135 1014 fabri·

126 1039 233 1118 catus,
260 1035 346 1120 quod
372 1035 586 1119 σφαιροειδές
608 1034 724 1100 Graeci
752 1040 885 1119 vocant,
911 1036 1002 1102 cuius
1029 1037 1135 1102 omnis

85 1144 112 1184 ro
128 1123 316 1190 extremitas
338 1123 470 1208 paribus
489 1146 509 1188 a
528 1122 635 1188 medio
652 1123 752 1188 radiis
771 1124 956 1210 attingitur,
973 1123 1069 1208 idque
1086 1125 1135 1190 ita

125 1211 280 1293 tornavit,
302 1215 339 1278 ut
361 1211 444 1276 nihil
465 1209 592 1278 efficere
610 1215 722 1296 posset
739 1211 924 1296 rotundius,
942 1212 1024 1277 nihil
1045 1233 1134 1297 sape

126 1299 236 1364 ritatis
259 1303 297 1365 ut
318 1299 471 1382 haberet,
489 1299 572 1365 nihil
594 1299 792 1381 offensionis,
814 1299 897 1365 nihil
919 1299 1057 1366 incisum
1080 1321 1134 1365 an·

127 1387 224 1473 gulis,
239 1386 323 1452 nihil
343 1387 552 1469 anfractibus,
570 1386 653 1452 nihil
667 1387 820 1471 eminens,
837 1386 921 1454 nihil
936 1387 1135 1471 lacunosum,

127 1496 302 1558 omnesque
320 1478 431 1558 partes
450 1475 633 1540 simillimas
651 1473 809 1556 omnium,
828 1475 914 1558 quod
931 1475 1001 1540 eius
1015 1474 1134 1540 iudicio

85 1580 113 1622 rs
127 1563 318 1647 praestabat
340 1562 596 1628 dissimilitudini
619 1562 807 1628 similitudo.
840 1561 936 1628 Omni
959 1566 1068 1628 autem
1086 1567 1133 1628 to·
1154 1579 1186 1630 le

126 1655 197 1716 tam
218 1651 359 1737 figuram
388 1651 500 1716 mundi
526 1649 660 1716 leuitate
687 1650 906 1718 cucumdedit.
949 1649 1018 1717 Nee
1048 1651 1134 1718 enim

7 1771 8 1774 ¹
127 1738 230 1804 oculis
253 1738 381 1824 egebat,
404 1739 481 1822 quia
502 1737 583 1804 nihil
607 1743 707 1820 extra,
730 1739 817 1822 quod
839 1739 929 1804 cerni
948 1743 1069 1824 posset,
1086 1761 1134 1806 re·

127 1826 241 1892 lictum
264 1830 344 1910 erat,
365 1846 425 1892 nec
448 1827 589 1910 auribus,
612 1827 688 1910 quia
709 1847 750 1890 ue
774 1827 860 1910 quod
882 1827 1048 1894 audiretur
1067 1827 1135 1910 qui-

127 1914 215 1998 dem,
240 1936 344 1998 neque
374 1919 468 1980 erant
495 1914 604 1980 anima
630 1912 823 1980 circumfusa
847 1918 992 1980 extreme
1013 1915 1134 1998 mundi,

126 2008 164 2068 ut
186 2003 434 2088 respirationem
457 2002 645 2087 requireret,
669 2023 728 2066 nec
750 2022 826 2067 vero
851 2001 1055 2068 desiderabat
1077 2007 1135 2068 aut

85 2109 113 2149 2⁰
128 2091 285 2156 alimenta
311 2091 455 2178 corporis
487 2094 544 2156 aut
571 2089 804 2155 detractionem
831 2089 970 2156 confecti
997 2094 1030 2155 et
1061 2111 1134 2156 con-

127 2179 250 2263 sumpti
282 2179 360 2263 cibi3
391 2200 494 2263 neque
526 2177 612 2244 enim
638 2178 707 2243 ulla
735 2178 877 2244 decesmo
904 2178 975 2243 fieri
1004 2182 1134 2263 poterat

5 2265 7 2296 ³
127 2287 231 2351 noque
255 2267 409 2351 accessio,
436 2289 495 2332 nec
522 2287 598 2332 vero
627 2270 698 2331 erat
724 2266 817 2332 unde.
861 2265 977 2350 Itaque
1005 2288 1039 2331 se
1060 2268 1133 2352 ipse

127 2355 372 2439 consumptione
387 2359 419 2420 et
434 2355 523 2420 senio
538 2354 648 2420 alebat
662 2354 722 2438 sui,
745 2375 817 2420 cum
838 2355 908 2439 ipse
930 2376 988 2439 per
1009 2376 1043 2419 se
1063 2359 1097 2419 et
1115 2377 1134 2420 a

127 2464 163 2508 se
177 2447 210 2508 et
219 2447 386 2528 pateretur
399 2447 432 2508 et
445 2443 567 2508 faceret
580 2441 697 2506 omnia.
729 2439 782 2508 Sic
792 2443 878 2508 euim
898 2447 989 2508 ratus
1004 2446 1055 2507 eet
1067 2443 1133 2526 ille,

85 2547 113 2588 2⁵
126 2531 184 2615 qui
205 2531 271 2596 ista
292 2530 398 2596 iunxit
421 2534 454 2596 et
476 2529 632 2611 condidit,
659 2529 767 2614 ipsum
794 2551 830 2594 se
852 2534 1040 2596 contentum
1064 2552 1133 2595 esse

127 2617 281 2685 mundum
312 2639 416 2704 neque
448 2638 542 2703 egere
574 2618 688 2682 altero.
732 2615 848 2701 Itaque
875 2618 905 2682 ei
931 2639 991 2682 nec
1018 2640 1133 2684 manue
1154 2633 1186 2682 re

127 2706 254 2790 adfixit,
282 2707 435 2791 quoniam
466 2726 525 2772 nec
552 2704 743 2791 capiendum
779 2705 951 2788 quicquam
979 2708 1049 2769 erat
1075 2727 1135 2772 nec

126 2793 361 2879 repellendum,
388 2816 447 2860 nec
469 2793 567 2878 pedes
590 2797 647 2858 aut
670 2791 736 2857 alia
758 2791 918 2875 membra,
948 2792 1064 2875 quibus
1088 2793 1134 2858 in-

127 2902 276 2967 gressum
299 2883 444 2967 corporis
467 2881 651 2948 sustineret.
682 2879 809 2946 Motum
832 2879 918 2944 enim
937 2879 1025 2945 dedit
1042 2881 1133 2946 caelo

85 2987 114 3028 ³⁰
127 2991 214 3053 eum,
240 2969 296 3054 qui
323 2971 447 3056 figurae
470 2970 540 3035 eius
562 2973 648 3034 esset
671 2967 874 3053 aptissimus,
902 2967 958 3051 qui
984 2987 1067 3034 unus
1095 2989 1135 3034 ex

126 3061 253 3142 septem
281 3059 425 3124 motibus
452 3061 594 3123 mentem
621 3060 719 3140 atque
746 3055 1006 3140 intellegentiam
1036 3056 1135 3122 cieret

126 3145 274 3212 maxime.
319 3145 435 3230 Itaque
461 3167 527 3211 una
553 3145 763 3211 conversione
790 3147 888 3228 atque
920 3143 1032 3208 eadem
1063 3144 1134 3228 ipse

5 3249 6 3254 ’
126 3233 247 3300 circum
270 3254 304 3299 se
327 3238 498 3319 torquetur
521 3237 554 3298 et
576 3231 722 3299 uertitur.
767 3228 832 3297 Sex
854 3235 963 3296 autem
990 3231 1133 3316 reliquos

126 3325 235 3386 motus
259 3321 300 3386 ab
324 3344 362 3388 eo
386 3321 550 3407 separarit
572 3321 682 3404 itaque
706 3319 747 3384 ab
772 3318 860 3384 omni
881 3318 1042 3386 erratione
1061 3341 1133 3386 eum

84 3408 287 3476 eliberavit.
318 3410 371 3476 Ad
393 3410 477 3475 hanc
499 3408 601 3495 igitur
624 3406 876 3490 conversionem,
896 3428 979 3491 quae
997 3409 1133 3493 pedibus

125 3500 159 3564 et
182 3496 286 3582 gradu
308 3519 375 3564 non
397 3501 523 3583 egeret,
552 3495 755 3581 ingrediendi
780 3495 926 3561 membra
947 3516 1014 3562 non
1036 3495 1134 3561 dedit.
