2512 3932
361 203 428 256 nm.
448 203 469 258 1.
507 202 582 260 cen.
602 209 631 273 1,
649 209 674 258 s.
710 209 821 270 sr-s.
1074 206 1095 273 3
1174 166 1178 172 ’

102 363 222 428 lendum
245 368 296 428 est
318 358 487 447 aequabile
510 368 543 429 et
564 369 781 450 temperatum
804 365 961 433 orationis
985 387 1096 453 genus.

100 450 142 515 Et
165 452 197 516 id
224 449 353 535 quidem
379 452 501 517 nemini
527 452 620 518 video
644 451 841 519 Graecorum
869 454 974 521 adhuc
996 456 1097 521 conti-

100 540 195 624 gisse,
220 544 259 604 ut
280 539 366 604 idem
388 543 525 624 utroque
547 540 582 604 in
605 559 722 626 genere
746 541 928 607 elaboraret
951 563 1096 626 sequere·

98 631 208 711 turqne
231 631 265 691 et
286 627 370 692 illud
391 627 520 694 forense
538 627 663 693 dicendi
686 631 719 692 et
740 628 803 694 hoc
821 629 965 711 quietum
989 631 1096 715 dispu-

74 715 182 779 ⁵tandi
210 735 325 801 genus,
351 715 416 780 nisi
443 715 529 782 forte
556 714 743 781 Demetrius
769 715 946 781 Phalereus
973 718 1008 782 in
1033 719 1096 784 hoc

96 825 223 868 numero
247 803 362 868 haberi
383 807 507 888 potest,
529 803 713 888 disputator
737 803 882 888 subtilis,
909 808 1019 870 orator
1041 828 1096 890 pa-

97 913 162 954 rum
184 890 372 976 vehemens,
395 891 497 957 dulcis
519 895 642 975 tamen,
664 895 703 956 ut
721 890 938 977 Theophrasti
961 893 1096 977 discipu·

96 978 159 1042 lum
175 979 284 1063 possis
303 999 486 1065 agnoscere.
522 978 592 1044 Nos
612 983 720 1044 antem
740 983 897 1064 quantum
909 981 945 1046 in
957 985 1096 1065 utroque

94 1066 339 1151 profecerimus,
371 1067 509 1132 aliorum
537 1067 581 1131 sit
610 1067 777 1152 iudicium,
808 1073 982 1153 utrumque
1009 1073 1095 1137 certe

60 1154 193 1220 10secnti
215 1175 337 1220 sumus.
372 1154 532 1239 Equidem
555 1159 588 1220 et
601 1155 773 1220 Platonem
795 1157 968 1241 existumo,
991 1158 1019 1222 si
1043 1174 1131 1244 ges

93 1263 150 1308 nus
176 1242 308 1308 forense
331 1242 457 1309 dicendi
482 1246 626 1308 tractare
651 1243 822 1328 voluisset,
849 1245 1040 1332 gravissime
1063 1249 1097 1311 et

94 1330 314 1416 copiosissime
337 1331 482 1414 potuisse
506 1329 623 1416 dicere,
646 1335 679 1395 et
693 1329 962 1416 Demosthenem,
982 1333 1011 1397 si
1028 1332 1096 1418 illa,

94 1439 172 1502 quae
191 1417 363 1484 aPlatone
382 1418 551 1503 didicerat,
573 1419 732 1484 tenuisset
755 1423 788 1484 et
810 1420 1020 1504 pronuntiare
1042 1441 1097 1485 vo-

93 1506 218 1591 luisset,
238 1509 353 1571 omate
372 1505 600 1591 splendideque
618 1506 724 1572 facere
742 1507 902 1592 potuisse;
922 1508 1096 1590 eodemque

59 1609 80 1650 1⁵
93 1594 186 1660 modo
214 1594 254 1660 de
277 1593 458 1659 Aristotele
484 1597 518 1658 et
539 1593 683 1660 Isocrate
709 1594 830 1680 iudico,
853 1617 989 1680 quorum
1011 1599 1097 1660 uter·

92 1703 149 1766 que
173 1703 234 1748 suo
258 1681 367 1748 studio
388 1681 566 1748 delectatus
589 1683 785 1768 contempsit
807 1683 955 1748 alterum.

154 1768 219 1834 Sed
251 1791 325 1836 cum
358 1770 546 1836 statuissem
578 1771 718 1836 scribere
750 1771 792 1836 ad
822 1775 855 1836 te
883 1771 1006 1856 aliquid
1035 1772 1137 1838 hoc2

91 1861 250 1943 tempore,
277 1858 382 1924 multa
408 1858 559 1943 posthac,
582 1858 624 1923 ab
650 1879 688 1924 eo
716 1859 816 1922 ordiri
838 1860 976 1924 maxime
998 1859 1097 1942 volui,

92 1947 174 2029 qnod
205 1951 240 2011 et
270 1945 373 2011 aetati
400 1950 476 2011 tuae
503 1949 589 2011 esset
616 1946 821 2030 aptissimum
849 1950 882 2010 et
909 1947 1097 2012 auctoritati

59 2049 188 2099 semeae.
225 2031 315 2098 Nam
333 2055 406 2099 cum
423 2034 529 2099 multa
551 2034 617 2098 sint
639 2035 674 2098 in
695 2032 904 2118 philosophia
927 2036 960 2098 et
982 2034 1096 2119 gravia

92 2127 122 2186 et
142 2123 243 2186 ntilia
267 2126 414 2187 accurate
436 2122 629 2206 copioseque
652 2143 673 2186 a
694 2121 899 2206 philosophis
923 2121 1097 2206 disputata,

90 2211 249 2276 latissime
272 2213 382 2294 patero
404 2209 554 2275 videntur
577 2231 627 2295 ea,
655 2231 737 2293 quae
764 2208 803 2273 de
832 2209 947 2276 officiis
974 2210 1097 2275 tradita

90 2298 129 2362 ab
156 2297 228 2362 illis
259 2300 293 2361 et
324 2301 498 2382 praecepta
529 2301 613 2362 sunt.
658 2295 760 2362 Nulla
792 2297 877 2362 enim
904 2297 992 2363 vitae
1019 2318 1096 2381 pars

88 2405 191 2470 neque
215 2384 356 2469 publicis
378 2407 481 2470 neque
502 2385 640 2470 privatis
662 2405 765 2468 neque
787 2384 970 2450 forensibus
993 2405 1098 2468 neque

57 2489 78 2530 2⁵
90 2473 278 2538 domesticis
300 2473 336 2536 in
357 2474 466 2556 rebus,
488 2494 591 2556 neque
611 2472 639 2538 si
656 2476 764 2538 tecum
782 2492 862 2558 agas
886 2472 971 2558 quid,
993 2493 1097 2556 neque

89 2562 116 2626 si
138 2583 214 2626 cnm
238 2561 343 2626 altero
366 2559 553 2645 contrahas,
574 2581 689 2626 vacare
712 2559 818 2626 officio
840 2565 964 2646 potest,
990 2558 1025 2624 in
1047 2581 1097 2625 ec

89 2669 149 2733 que
173 2653 209 2714 et
233 2648 367 2713 colendo
386 2649 451 2713 sita
468 2648 556 2714 vitae
574 2653 625 2713 est
643 2649 797 2714 honestas
816 2649 920 2714 omnis
940 2651 973 2713 et
989 2649 1097 2733 negle

90 2737 194 2822 gendo
220 2735 399 2821 turpitudo.
444 2736 553 2820 Atque
579 2736 659 2802 haec
689 2736 818 2819 quidem
842 2736 990 2820 quaestio
1014 2749 1132 2800 com-t

89 2825 196 2890 munis
235 2827 287 2889 est
324 2824 468 2890 omnium
498 2823 781 2909 philosophorum
818 2824 889 2907 quis
922 2826 973 2887 est
1002 2822 1097 2907 enim,

56 2914 143 2996 aqui
166 2913 270 2978 nullis
293 2911 392 2978 oflicii
414 2911 596 2998 praeceptis
619 2911 784 2977 tradendis
807 2910 1039 2998 philosophum
1063 2932 1097 2976 se

89 3001 208 3066 audeat
232 3000 359 3066 dicere?
395 2997 458 3064 Sed
480 3004 557 3065 sunt
573 3021 640 3066 non
661 3000 771 3065 nullae
794 2998 991 3084 disciplinae,
1015 3020 1097 3083 quae

88 3089 269 3174 propositis
291 3089 451 3154 bonorum
474 3088 686 3153 etmalorum
703 3087 824 3152 finibus
843 3086 984 3152 officium
1004 3107 1097 3150 omne

89 3180 287 3260 pervertant
332 3174 419 3240 Nam
447 3175 502 3259 qui
530 3196 690 3240 summum
717 3174 838 3240 bonum
872 3174 918 3238 sio
945 3172 1097 3258 instituit,

89 3269 126 3329 ut
147 3265 233 3330 nihil
262 3263 383 3330 habeat
409 3284 481 3328 cum
509 3263 631 3328 virtute
658 3261 879 3346 coniunctum,
906 3260 1002 3345 idque
1030 3261 1097 3326 suis

58 3352 284 3436 ncommods,
314 3371 381 3417 non
406 3350 577 3416 honestate
604 3350 747 3433 metitur,
773 3350 839 3434 hic,
872 3349 900 3413 si
932 3349 994 3414 sibi
1027 3349 1097 3433 ipse

93 3440 274 3507 consentiat
297 3443 331 3504 et
352 3460 418 3504 non
440 3439 602 3504 interdum
620 3441 757 3504 naturae
775 3437 922 3503 bonitate
940 3437 1097 3517 vincatur,

93 3549 192 3614 neque
217 3526 522 3594 amicitiam'colere
544 3527 650 3612 possit
676 3546 736 3590 nec
757 3525 916 3590 iustitiam
938 3543 997 3587 neo
1019 3521 1096 3583 libe·

901 3630 915 3677 1
922 3623 937 3655 *
