2570 3944
154 146 220 210 274
242 233 246 238 Ι
542 144 766 200 FRAGMENTA

155 307 331 374 maioribus
349 309 430 372 natu
448 327 489 371 ns
507 305 542 370 in
560 307 627 371 suis
646 307 776 389 quidem
794 306 938 391 praediis·
948 307 1068 392 inpune
1082 312 1167 393 tum,

155 419 227 463 cum
245 395 369 461 Romae
391 393 474 459 nihil
493 394 611 480 agitur,
633 395 731 459 liceat
750 416 820 460 esse
837 395 1080 480 valetudinique
1099 419 1168 462 ser-

154 485 232 550 vire.
268 482 390 549 Verum
413 487 523 548 tamen
546 482 662 547 ceteris
681 533 688 546 .
708 533 714 546 .
734 532 741 547 .
760 482 805 547 sit
826 483 1002 569 ignoscere,
1024 485 1054 548 ei
1074 507 1168 568 vero,

154 575 209 655 qui
229 573 396 655 praedium
421 571 531 636 lasea
551 569 586 634 in
607 571 666 635 illo
693 571 780 653 loco,
808 571 899 636 nullo
926 571 1032 638 modo.
1078 571 1168 648 Quid

155 661 289 744 homini,
311 660 426 744 inquit,
444 657 596 743 Arpinati
614 680 687 722 eum
701 657 801 741 Baiis,
820 659 942 744 agresti
960 682 998 725 ec
1016 661 1167 727 rustico?
1195 678 1209 718 ⁵

155 750 175 833 (
222 838 274 901 21.
297 834 367 910 Quo
394 836 466 899 loco
493 834 541 898 ita
566 832 629 897 fuit
657 855 783 917 caecus,
813 838 850 899 ut
871 834 966 900 facile
989 841 1168 922 appareret

155 925 275 989 vidisse
306 944 393 1005 eum,
429 921 515 1004 quod
546 920 595 985 fas
627 943 694 986 non
724 921 848 987 fuisset.
897 921 965 988 Nec
997 925 1083 989 enim
1116 947 1168 990 re·

156 1012 262 1097 spexit
284 1010 378 1074 illum
400 1009 508 1094 ipsum
527 1012 702 1093 patronum
721 1011 865 1075 libidinis
884 1032 961 1076 suae
978 1034 1046 1077 non
1064 1014 1166 1078 modo

156 1099 241 1184 apud
259 1098 358 1163 Baias
376 1119 456 1183 esse,
479 1119 589 1162 verum
613 1119 667 1163 ees
689 1098 778 1183 ipsas
802 1121 902 1183 aquas
925 1099 1055 1184 habere,
1078 1123 1166 1186 quae
1182 1119 1208 1159 ιο

155 1189 179 1270 †
198 1191 295 1274 gustu
313 1191 423 1252 tamen
442 1185 611 1270 Arpinatis
629 1185 776 1252 fuissent.
813 1185 874 1252 Sed
892 1187 998 1253 videte
1018 1193 1166 1254 metuen-

156 1277 231 1341 dam
253 1275 375 1358 inimici
399 1278 431 1340 et
453 1274 558 1340 hostis
577 1274 678 1340 bilem
695 1278 729 1340 et
747 1275 925 1340 licentiam!
956 1274 1061 1342 Isme
1080 1278 1167 1342 dixit

156 1365 333 1448 aedificare,
355 1363 411 1428 ubi
433 1363 516 1427 nihil
538 1363 653 1446 habeo,
674 1363 728 1428 abi
749 1363 851 1447 labeo,
872 1363 919 1428 ibi
940 1363 1050 1430 fuisse.
1094 1365 1165 1442 Quo

156 1455 244 1519 ewde
266 1452 352 1518 enim
373 1473 440 1516 non
461 1452 556 1515 mirer
579 1451 758 1535 sapientem
785 1451 1018 1537 adversarium,
1046 1454 1102 1537 qui
1128 1455 1165 1519 id

156 1542 286 1624 obiciat,
309 1538 403 1638 quod·
416 1538 469 1603 vel
491 1537 627 1603 honeste
649 1538 796 1604 confiteri
817 1541 871 1604 vel
895 1539 1068 1606 manifesto
1092 1543 1204 1607 red-1⁵

157 1625 543 1780 arghilelldlirmidsticos
567 1713 597 1778 ei
622 1735 682 1778 nos
706 1714 807 1780 videri
832 1716 938 1782 minus
965 1720 1016 1781 est
1043 1718 1163 1783 miran-

157 1804 242 1887 dum,
266 1803 321 1888 qui
344 1801 539 1868 manicatam
561 1802 705 1868 tunicam
728 1806 762 1868 et
780 1804 912 1869 mitram
931 1809 965 1869 et
981 1827 1162 1890 purpureas
1275 1801 1276 1872 Ϊ

155 1892 273 1958 fascias
301 1891 422 1956 habere
448 1912 515 1956 non
541 1912 722 1976 possumus.
767 1890 817 1957 Tu
843 1913 919 1957 vero
946 1891 1097 1978 festivus,
1124 1897 1162 1958 tu

156 1982 296 2067 elegans,
318 1985 356 2045 tu
378 1979 467 2044 solus
486 1979 637 2062 urbanus,
660 2001 756 2062 quern
774 1979 865 2046 decet
882 1980 1050 2052 muliebris
1069 2004 1162 2048 orna-
1175 1999 1200 2039 20

155 2073 223 2152 tus,
250 2089 346 2152 quem
368 2067 511 2132 incessus
534 2067 703 2151 psaltriae,
731 2067 787 2151 qui
813 2068 998 2134 effeminare
1024 2071 1162 2154 vultum,

157 2160 325 2222 attenuere
347 2175 472 2238 vocem,
498 2154 627 2219 laevane
653 2177 770 2240 eorpus
796 2159 900 2240 potes.
945 2156 972 2222 0
995 2157 1162 2244 singulare

155 2243 340 2330 prodigium
369 2246 466 2327 atque
493 2245 687 2320 monstrum!
718 2265 825 2308 nonne
855 2248 887 2308 te
914 2244 1009 2310 huius
1037 2247 1162 2332 templi,
1274 2301 1275 2332 ,

155 2355 221 2398 non
243 2331 343 2415 urbia,
364 2351 431 2396 non
452 2330 549 2415 vitae,
570 2351 636 2394 non
659 2331 739 2396 lucis
762 2331 883 2416 pudet?
927 2333 984 2416 (V.
1006 2332 1070 2400 Iul.
1093 2335 1160 2399 Ru-

155 2421 265 2503 finiue.
287 2424 358 2501 11).
380 2423 431 2485 38.
453 2423 476 2484 8
496 2423 526 2484 et
546 2417 628 2484 Nee.
645 2439 679 2500 p.
702 2422 773 2484 465.
795 2420 861 2505 14.)
1175 2437 1201 2478 2⁵

222 2507 274 2573 23.
297 2505 359 2590 Tu,
382 2506 436 2591 qui
458 2506 590 2572 indutus
613 2506 764 2571 muliebri
785 2512 876 2573 veste
898 2508 1011 2591 fueris,
1033 2510 1161 2576 virilem

156 2617 268 2662 vocem
290 2595 389 2661 eudes
411 2595 572 2679 emittere,
595 2595 685 2660 cuius
707 2595 916 2680 inportunam
938 2597 1105 2662 libidinem
1128 2603 1161 2664 et

157 2690 307 2770 stuprum
328 2706 402 2750 cum
424 2683 543 2749 scelere
571 2683 775 2749 coniunctum
801 2705 842 2748 ne
869 2684 1067 2751 subornandi
1094 2686 1161 2771 qui-

157 2774 230 2839 dem
253 2795 345 2839 mora
367 2772 567 2837 retardavit?

223 2861 275 2927 24.
294 2860 393 2944 Tune,
411 2882 484 2924 eum
498 2859 695 2925 vincirentur
712 2859 809 2944 pedes
827 2859 947 2942 fasciis,
964 2882 1037 2925 eum
1056 2861 1160 2926 calau-
1174 2877 1199 2918 ³⁰

156 2949 223 3014 tice
245 2948 344 3034 capiti
367 2947 672 3032 accommodaretur,
695 2969 767 3012 cum
785 2947 840 3011 vir
860 2947 1056 3013 manicatam
1078 2949 1161 3014 tuni·

157 3059 229 3103 cam
246 3037 282 3102 in
299 3038 439 3102 lacertos
457 3035 632 3117 induceres,
650 3057 724 3101 oum
743 3035 889 3136 strophio
908 3039 1057 3101 accurate
1072 3059 1161 3122 prae

158 3124 772 3297 tttttotitillabat?
795 3125 1161 3295 ltmltttftdlt

159 3320 288 3365 omnem
310 3304 451 3366 mentem
474 3300 575 3366 libido
599 3303 769 3383 averterat,
792 3303 902 3364 tamen
925 3322 964 3365 ex
982 3348 989 3364 .
1008 3350 1015 3365 .
1035 3350 1042 3365 .
1065 3298 1160 3382 (Nee.
1174 3317 1198 3358 ³⁵

157 3408 186 3470 p.
209 3389 273 3452 537
294 3388 338 3452 e'n.
361 3392 390 3452 et
410 3391 481 3454 538.
503 3389 568 3471 11.)

225 3473 277 3539 25.
301 3470 377 3558 Sed,
404 3474 512 3558 credo,
539 3480 713 3560 postquem
736 3476 903 3561 speculum
929 3476 991 3541 tibi
1018 3476 1161 3542 adlatum
