2504 3950
149 152 193 214 52
542 147 592 204 ou
611 147 761 206 osricus

149 333 222 378 rum
254 313 354 379 etiem
384 313 572 398 repentinae
604 311 835 395 multitudinis,
868 331 1005 395 querum
1032 311 1160 396 impetu

150 399 243 466 docet
257 402 414 485 quaedem
427 401 597 468 hominum
611 421 730 486 genere
744 421 814 464 esse
828 403 1030 485 consumpta,
1045 398 1160 465 deinde

149 493 326 574 comparat,
350 493 471 574 quanto
489 490 599 574 plures
619 488 718 554 deleti
738 487 803 551 sint
821 487 968 553 homines
987 487 1160 553 hominum

148 577 286 662 impetu,
317 577 351 642 id
383 582 433 643 eet
463 577 559 642 bellis
592 579 650 641 eut
680 575 906 660 seditionibus,
938 597 1037 659 quem
1070 576 1160 641 omni

147 664 276 748 reliqua
298 666 495 732 calamitate.
1184 680 1197 720 ⁵

98 765 129 814 1⁷
215 751 298 818 (lum
328 753 430 839 igitur
460 753 514 818 hic
545 753 636 818 locus
667 751 750 817 nihil
781 751 903 817 habeat
933 751 1160 836 dubitationis,

149 841 227 924 quin
249 840 397 906 homines
419 841 597 926 plurimum
622 838 809 905 hominibus
837 842 871 904 et
892 840 1022 923 prosint
1044 843 1080 904 et
1102 841 1156 904 ob-

149 928 223 1010 sint,
245 928 414 1012 proprium
436 928 499 993 hoc
517 932 626 994 etetno
645 949 716 992 esse
734 926 876 1010 virtutis,
899 927 1073 992 conciliare
1093 928 1159 992 ani·

148 1035 219 1078 mos
250 1014 418 1081 hominum
450 1019 484 1080 et
515 1016 556 1081 ad
587 1037 667 1081 usus
697 1036 772 1080 suos
800 1014 983 1100 adiungere.
1033 1014 1158 1100 Itaque,

149 1123 231 1185 quae
253 1103 288 1166 in
310 1104 408 1168 rebus
429 1103 581 1168 inanimis
605 1124 751 1187 quaeque
772 1103 808 1166 in
829 1123 890 1167 neu
908 1105 942 1166 et
959 1104 1158 1169 tractatione
1172 1121 1198 1161 ιο

148 1190 319 1256 beluarum
340 1192 424 1256 fiunt
445 1192 572 1257 utiliter
589 1193 631 1256 ad
650 1191 820 1256 hominum
838 1190 950 1274 vitam,
974 1192 1103 1256 artibus
1122 1213 1160 1256 ee

147 1277 337 1343 tribuuntur
366 1281 525 1365 operosis,
552 1280 721 1344 hominum
748 1283 858 1344 eutem
885 1278 994 1344 studie
1022 1279 1063 1344 ad
1094 1301 1158 1344 am-

148 1365 381 1450 plificationem
411 1371 598 1433 nostrerum
633 1389 742 1432 rerum
778 1370 931 1452 prompte
967 1387 1005 1432 ac
1041 1372 1158 1452 parate

150 1454 307 1533 [virorum
327 1456 577 1540 praestantium]
597 1455 757 1539 sapientia
775 1457 810 1520 et
826 1455 948 1519 virtute
966 1454 1159 1520 excitantem·

97 1554 130 1604 18
148 1539 280 1606 Etenim
307 1543 412 1607 virtus
439 1544 544 1606 omnis
576 1543 682 1606 tribue
714 1542 750 1606 in
779 1542 877 1607 rebus
909 1542 977 1607 fere
1008 1544 1198 1626 vertitur,1⁵

149 1650 286 1712 querum
312 1650 378 1694 una
405 1630 512 1695 estin
536 1629 774 1715 perspiciendo,
801 1629 879 1714 quid
905 1630 940 1695 in
967 1652 1097 1715 queque
1124 1652 1159 1696 re

148 1736 260 1779 verum
293 1715 515 1802 sincerumque
548 1717 605 1801 rit,
641 1717 719 1801 quid
749 1722 1001 1783 consentaneum
1032 1720 1158 1803 cuique,

148 1802 226 1886 qnid
258 1824 473 1889 consequens,
505 1825 544 1871 ex
576 1827 640 1889 quo
672 1826 818 1889 quaeque
851 1806 1042 1892 gignantur,
1075 1827 1158 1891 quea
1240 1815 1241 1902 l

148 1890 302 1977 cuiusque
323 1893 372 1958 rei
394 1915 492 1959 eausa
514 1893 567 1977 sit,
591 1894 731 1958 alterum
754 1893 904 1958 cohibere
923 1897 1031 1959 motus
1055 1893 1158 1960 animi
1240 1906 1241 1929 ¹

147 1980 308 2064 turbatos,
326 2001 407 2089 quos
421 1980 537 2047 Graeci
555 1978 649 2063 πάθη
666 1981 847 2065 nominant,
865 1982 1157 2067 appetitionesque,
1171 2000 1197 2041 re

149 2087 229 2149 quae
251 2068 303 2132 illi
325 2065 446 2151 ορμάς,
474 2068 681 2134 oboedientes
707 2068 833 2134 efficere
860 2069 995 2153 retioni,
1021 2071 1158 2134 tertium

147 2154 198 2236 iis,
221 2154 412 2237 quibuscum
434 2175 678 2243 congregemur,
700 2156 750 2221 uti
772 2156 938 2221 moderate
956 2161 991 2222 ct
1008 2158 1159 2242 scienter,

148 2261 285 2324 quorum
318 2242 435 2308 studiis
467 2263 519 2326 ea,
550 2265 633 2328 quae
663 2247 782 2309 natura
814 2243 989 2329 derideret,
1026 2246 1158 2330 expleta
1239 2309 1240 2334 3

147 2329 375 2413 cumulataque
401 2329 592 2415 habeamus,
619 2351 678 2417 per
704 2330 910 2416 eosdemque,
940 2333 969 2397 si
996 2333 1076 2416 quid
1098 2333 1157 2400 im·
1239 2337 1240 2387 t

146 2420 296 2500 portetur
313 2416 408 2482 nobis
426 2417 631 2502 incommodi,
652 2419 879 2504 propulsemus
897 2420 1158 2506 ulciscamurque
1171 2436 1197 2480 rs

108 2504 293 2656 autu
311 2505 1158 2681 ttttttt„tttluttt'lttltttffltt

96 2636 128 2685 ¹⁹
147 2679 208 2744 bus
232 2642 340 2746 autem
362 2681 545 2748 rationibus
568 2682 651 2752 hano
677 2681 869 2748 facultatem
897 2684 1027 2767 assequi
1054 2685 1158 2769 poesi·
1238 2701 1239 2760 ξ

147 2789 233 2852 mue,
260 2773 297 2834 ut
324 2769 492 2836 hominum
520 2771 629 2836 studia
650 2771 903 2856 complectamur
926 2791 1027 2856 eaque
1048 2775 1158 2840 tenea·
1238 2769 1239 2796 ²

147 2864 232 2939 mue,
256 2856 411 2941 dicemus,
433 2877 537 2941 neque
558 2859 607 2923 ita
629 2859 734 2924 multo
757 2861 846 2942 post,
874 2858 930 2922 sed
952 2879 1057 2944 peuce
1079 2865 1157 2926 ante
1170 2880 1196 2920 eo

147 2942 281 3008 dicende
299 2948 383 3009 sunt.
420 2945 575 3031 Magnam
591 2945 660 3010 vim
678 2967 748 3010 esse
766 2946 801 3010 in
822 2945 956 3012 fortuna
977 2947 1013 3011 in
1034 2951 1158 3013 utram·

147 3050 209 3114 que
231 3036 373 3116 partem,
400 3031 452 3098 vel
481 3033 636 3099 secundus
659 3034 701 3099 ad
726 3055 778 3098 res
806 3035 859 3100 vel
887 3034 1055 3118 adversus,
1083 3037 1157 3121 quis

146 3118 300 3204 ignoret?
345 3119 432 3184 Nam
459 3123 506 3204 et,
538 3141 611 3186 cum
637 3142 793 3207 prospero
820 3122 901 3186 flatu
928 3122 996 3187 eius
1024 3123 1158 3208 utimur,
1237 3195 1238 3202 χ

147 3205 188 3268 ad
211 3206 315 3270 exitus
338 3207 545 3291 pervehimur
567 3211 698 3293 optatos
722 3213 764 3293 et,
786 3209 1016 3295 cumulavit,
1039 3211 1158 3298 affligi·
1237 3233 1238 3303 ἦ

147 3312 228 3356 mur.
264 3287 354 3357 Heee
376 3294 479 3378 igitur
500 3295 573 3380 ipse
593 3295 727 3362 fortune
749 3300 873 3362 ceteros
897 3317 990 3362 casus
1014 3299 1156 3364 rariores
1169 3319 1195 3360 ee

145 3378 260 3461 hebet,
291 3379 432 3463 primum
464 3381 506 3446 ab
537 3382 690 3448 inanimis
722 3385 896 3470 proeellas,
932 3388 1157 3470 tempestates,

146 3465 333 3551 naufragia,
364 3467 490 3552 ruinas,
521 3468 685 3555 incendia,
718 3471 831 3537 deinde
863 3493 883 3536 a
915 3472 1030 3536 bestiis
1063 3473 1159 3559 ictus,
1236 3535 1237 3544 ,
