2578 3950
462 177 537 234 cAP.
558 184 601 246 21,
620 185 661 233 aa.
695 184 841 244 sau-es.
1093 179 1155 244 189

146 341 257 426 diligit
280 343 313 404 et
336 340 475 404 alterum
495 338 646 423 anquirit,
666 339 755 404 cuius
775 340 919 405 animum
936 341 985 405 ita
1003 363 1077 406 cum
1096 363 1154 406 suo

146 429 291 510 misceat,
313 431 351 491 ut
374 426 494 492 efficiat
516 448 618 511 paene
641 450 740 492 unum
764 449 804 492 ex
826 428 960 494 duobus.
1165 479 1205 543 2,

214 513 276 580 Sed
298 513 444 600 plerique
462 536 622 599 perverse,
639 536 680 579 ne
697 515 802 580 dicam
815 515 1016 603 inpudenter,
1034 516 1154 581 habere
1174 557 1206 606 32

146 605 248 670 talem
272 603 411 668 amicum
433 603 562 686 uolunt,
594 604 706 687 quales
733 603 798 691 ipsi
821 625 890 669 esse
914 626 982 669 non
1007 607 1154 689 possunt,

118 710 293 777 aquaeque
315 691 380 775 ipsi
401 712 468 755 non
490 691 639 756 tribuunt
662 691 783 775 amicis,
806 692 886 757 haec
909 692 951 756 ab
974 691 1015 758 iis
1034 692 1155 757 deside·

146 784 232 846 rant.
262 778 327 844 Par
341 782 391 844 est
406 782 514 844 autem
528 779 669 863 primum
684 780 792 865 ipsum
812 801 882 845 esse
900 779 1006 844 virum
1024 780 1155 863 bonum,

146 873 218 934 tum
236 869 375 932 alterum
390 867 530 932 similem
544 868 594 934 sui
609 889 771 952 quaerere.
802 867 841 932 In
855 866 976 933 talibus
992 890 1039 952 ea,
1057 890 1155 952 quam

147 957 214 1022 iam
237 956 355 1022 dudum
374 958 567 1039 tractamus,
595 955 761 1022 stabilitas
785 955 946 1022 amicitiae
969 957 1155 1022 confirmari

147 1047 271 1130 potest,
303 1065 376 1109 eum
407 1043 555 1110 homines
583 1043 802 1110 benivolentia
824 1044 986 1113 coniuncti
1013 1043 1154 1129 primum

109 1150 135 1190 ¹⁰
148 1132 380 1217 cupiditatibus
407 1131 462 1216 iis,
492 1131 608 1214 quibus
632 1131 730 1198 ceteri
754 1131 912 1215 serviunt,
938 1131 1156 1218 imperabunt,

149 1221 262 1288 deinde
284 1219 448 1305 aequitate
461 1219 651 1304 iustitiaque
666 1219 862 1305 gaudebunt,
881 1219 1052 1306 omniaque
1071 1220 1155 1285 alter

147 1331 208 1394 pro
227 1309 330 1374 altero
351 1308 513 1392 suscipiet,
534 1329 638 1392 neque
657 1308 829 1392 quicquam
842 1329 996 1393 umquam
1015 1308 1078 1373 nisi
1097 1308 1155 1372 ho-

147 1401 277 1464 nestum
305 1400 338 1462 et
365 1399 490 1461 rectum
519 1396 602 1462 alter
629 1396 670 1460 ab
699 1396 803 1461 altero
826 1395 1020 1481 postulabit,
1050 1417 1154 1479 neque

149 1485 255 1550 solum
270 1484 378 1550 colent
393 1484 478 1549 inter
496 1505 530 1549 se
549 1506 586 1549 ac
605 1483 751 1570 diligent,
769 1484 825 1548 sed
839 1484 938 1549 etiam
951 1484 1153 1549 verebuntur.

107 1587 134 1629 ²⁵
148 1571 235 1639 Nam
257 1593 444 1637 maxumum
468 1575 695 1636 ornamentum
718 1571 880 1637 amicitiae
902 1571 1005 1656 tollit,
1033 1571 1088 1656 qui
1116 1593 1154 1635 ex

148 1683 186 1727 ea
213 1660 303 1726 tollit
328 1660 562 1726 verecundiam.
606 1658 721 1743 Itaque
748 1660 783 1724 in
809 1660 849 1724 iis
876 1659 1076 1744 perniciosus
1104 1663 1154 1724 est
1172 1668 1205 1718 83

148 1771 252 1832 error,
280 1748 336 1832 qui
363 1748 560 1826 existumant
582 1747 763 1812 lubidinum
788 1751 1061 1832 peccatorumque
1088 1770 1154 1812 om·

147 1837 237 1902 nium
260 1839 372 1922 patere
394 1835 430 1900 in
452 1835 597 1900 amicitia
618 1835 798 1919 licentiam3
824 1835 984 1900 virtutum
1012 1835 1155 1900 amicitia

149 1924 289 1992 adiutrix
312 1927 472 1990 enatura
495 1923 571 1988 data
594 1925 657 2007 ast,
686 1944 752 1988 non
778 1923 932 1988 vitiorum
961 1943 1081 2006 comes,
1107 1926 1154 2006 ut,

108 2029 135 2068 20
150 2012 303 2098 quoniam
321 2010 470 2078 solitaria
481 2033 548 2076 non
561 2013 673 2096 posset
686 2009 791 2077 virtus
806 2010 847 2076 ad
861 2032 907 2094 ea,
927 2032 1009 2095 quae
1028 2032 1155 2074 summa

149 2105 238 2184 sunt,
264 2100 447 2184 pervenire,
478 2099 649 2166 coniuncta
676 2102 709 2164 et
737 2099 921 2165 consociata
947 2120 1019 2164 cum
1051 2098 1155 2164 altera

148 2188 339 2274 perveniret.
385 2186 473 2263 Quae
496 2188 628 2272 siquos
655 2188 741 2252 inter
771 2187 908 2254 societas
937 2191 993 2254 aut
1020 2190 1071 2253 est
1088 2190 1155 2274 ,aut

147 2277 212 2342 fuit
235 2279 291 2342 aut
314 2275 425 2341 futura
448 2279 508 2360 est,
530 2297 641 2341 eorum
664 2280 714 2342 est
736 2275 903 2342 habendus
927 2276 969 2341 ad
994 2297 1155 2342 summum

147 2368 284 2432 naturae
319 2365 440 2429 bonum
477 2367 629 2450 optumus
665 2364 936 2450 beatissimusque
972 2364 1154 2429 comitatus.

108 2467 134 2509 2⁵
149 2452 239 2518 Haec
262 2455 320 2536 est,
343 2452 485 2536 inquam,
505 2452 653 2536 societas,
670 2453 706 2516 in
724 2473 788 2536 qua
806 2453 915 2518 omnia
933 2451 1054 2535 insunt,
1072 2473 1154 2536 quae
1174 2461 1208 2510 84

149 2544 267 2624 putent
289 2540 436 2606 homines
460 2539 647 2624 expetenda,
669 2540 832 2624 honestas,
854 2539 975 2624 gloria,
998 2539 1155 2623 tranquil·

149 2628 227 2694 litas
250 2628 350 2694 enimi
373 2631 470 2713 atque
493 2627 688 2710 iucunditaS,
711 2631 747 2692 nt
771 2631 817 2711 et,
839 2648 912 2691 cum
934 2627 1015 2691 haec
1038 2626 1155 2710 adsint,

149 2717 247 2782 beata
268 2716 337 2782 vita
360 2715 404 2781 sit
427 2719 460 2781 et
483 2715 552 2780 sine
573 2714 625 2779 his
649 2735 719 2778 esse
741 2736 807 2779 non
825 2713 940 2798 possit.
972 2712 1065 2788 Quod
1083 2735 1155 2778 eum

150 2808 320 2888 optumum
352 2824 601 2888 maxumumque
633 2802 691 2886 sit,
720 2802 748 2866 si
774 2802 808 2866 id
834 2802 983 2866 volumus
1012 2800 1155 2886 adipisci,

2 2899 3 2911 ¹
107 2909 136 2950 ³⁰
148 2892 265 2957 virtuti
287 2913 386 2976 opera
403 2891 508 2956 denda
527 2895 586 2976 cst,
609 2890 677 2956 siue
700 2912 764 2974 qua
780 2911 840 2956 nec
859 2888 1035 2956 amicitiam
1052 2911 1155 2973 neque

149 2980 252 3046 ullam
279 3001 348 3046 rem
375 2980 586 3064 expetendam
614 2979 766 3063 consequi
793 2999 979 3064 possumus;
1011 2999 1049 3044 ea
1078 2998 1154 3042 vero

148 3069 300 3154 neglecta
331 3067 387 3152 qui
415 3089 449 3134 se
477 3068 597 3134 amicos
628 3067 748 3132 habere
776 3067 991 3149 arbitrantur,
1022 3069 1093 3131 tum
1121 3086 1155 3130 se

150 3156 286 3240 denique
310 3177 434 3221 errasse
454 3156 607 3240 sentiunt,
630 3178 703 3221 cum
722 3177 776 3220 eos
796 3155 905 3241 gravis
925 3153 1042 3237 aliquis
1061 3173 1154 3218 casus

151 3245 288 3329 experiri
311 3244 408 3330 cogit.
441 3242 596 3320 Quocirca
619 3242 802 3330 (dicendum
825 3247 875 3308 est
899 3242 985 3308 enim
1005 3239 1155 3328 saepius),
1174 3250 1207 3301 85

107 3349 136 3395 ³⁵
151 3354 224 3397 cum
251 3332 416 3415 iudicaria,
447 3332 584 3418 diligere
611 3335 754 3418 oportet,
780 3353 860 3409 non,
891 3353 964 3396 cum
997 3328 1155 3414 dilexeris,

149 3419 299 3487 iudicare.
332 3417 394 3486 Sed
417 3441 490 3486 cnm
509 3421 620 3486 multis
643 3421 677 3485 in
695 3421 791 3486 rebus
814 3418 1023 3506 neglegentia
1044 3418 1155 3504 plecti-

151 3531 232 3592 mur,
255 3513 325 3575 tum
348 3509 486 3574 maxime
509 3509 544 3574 in
567 3509 678 3576 amieis
702 3512 735 3576 et
759 3508 930 3594 diligendis
949 3511 983 3572 et
1001 3505 1155 3588 colendis,
