2578 3950
411 186 497 244 ‘cna
518 191 560 256 ra,
581 195 621 245 14.
659 194 806 254 §re-or.
1053 179 1118 256 '229

109 347 287 434 attingunt.
328 347 538 434 Respondent
561 353 669 416 autem
694 349 825 415 dextera
848 351 1003 436 dexteris,
1026 352 1119 418 laeva

108 437 211 504 laevis
244 437 454 502 conversione
486 437 661 523 luminum,
697 457 769 503 cum
802 459 840 503 ea
871 439 955 504 inter
988 462 1023 504 se
1052 463 1120 506 non

109 525 349 592 cohaerescunt.
400 523 439 589 ld
470 525 523 610 fit,
553 547 627 591 cum
659 527 863 611 speculorum
895 528 1013 593 levitas
1043 529 1119 594 hinc

109 615 263 698 illincque
287 613 492 678 alriudnem
514 613 696 699 adsumpsit
714 619 747 680 et
765 615 813 679 ita
831 615 962 681 dextera
981 617 1120 682 detrusit

81 703 145 767 rin
176 703 303 768 laevam
333 705 460 787 partem
493 703 659 768 oculorum
692 704 846 787 laevaque
878 704 913 768 in
945 704 1118 770 dexteram.

110 789 233 876 Supina
252 791 352 855 etiam
371 791 429 856 cra
447 795 621 856 cernuntur
639 791 827 876 depulsione
845 791 1018 876 luminum;
1037 815 1119 878 quae

110 883 302 945 convertens
325 878 480 944 inferiora
502 878 616 964 reddit,
639 901 721 964 quae
745 884 821 944 sunt
844 881 1020 968 superiora
1060 881 1119 948 At·
1138 898 1171 947 50
1211 935 1215 944 .

111 987 173 1051 que
195 966 276 1032 haec
299 967 408 1031 omnia
431 988 470 1030 ex
493 988 531 1031 eo
559 989 675 1054 genere
704 971 793 1052 sunt,
821 989 903 1053 quae
924 990 1038 1057 'rerum
1067 970 1119 1036 ad·

109 1055 225 1121 iuvant
252 1075 380 1138 caueas3
413 1056 529 1139 quibus
560 1056 665 1121 utitur
696 1056 886 1121 ministeriis
923 1057 1013 1142 deus,
1046 1079 1119 1122 cum

71 1161 96 1200 10
111 1143 229 1228 optimi
251 1143 400 1228 speciem,
423 1143 529 1228 quoad
551 1143 622 1208 lieri
644 1148 762 1229 potest,
785 1144 893 1209 efficit.
925 1143 987 1210 Sed
1010 1146 1120 1210 existi-

112 1236 204 1297 mant
223 1231 369 1317 plerique
387 1252 454 1296 non
471 1232 551 1296 haec
573 1232 760 1297 adiuvantia
778 1254 957 1316 causarum,
980 1234 1036 1298 sed
1058 1233 1118 1299 has

111 1320 201 1405 ipsas
225 1340 294 1384 esse
318 1320 461 1385 omnium
484 1341 607 1405 causas,
631 1342 712 1404 quae
734 1321 801 1386 vim
823 1320 967 1386 habeant
989 1321 1120 1406 refrige-

111 1407 206 1474 randi
224 1407 423 1490 calfaciendi,
445 1408 669 1474 concrescendi
686 1408 839 1492 liquendi,
861 1413 993 1473 careant
1010 1414 1120 1474 autern

112 1497 202 1561 omni
223 1496 449 1582 intellegentia
472 1501 570 1580 atque
593 1496 731 1580 ratione,
759 1519 841 1581 quae
868 1497 932 1561 nisi
954 1497 989 1561 in
1011 1498 1119 1563 animo

73 1600 98 1640 1⁵
111 1585 205 1649 nulla
228 1584 293 1648 alia
315 1585 350 1647 in
371 1588 489 1649 natura
511 1585 721 1669 reperiantur.
758 1585 895 1649 Animus
920 1589 1028 1650 autem
1051 1607 1120 1651 een·

113 1695 185 1736 sum
208 1693 337 1746 omnem
361 1673 474 1758 effugit
497 1673 676 1756 oculorum3
700 1677 735 1738 at
757 1673 857 1758 ignis,
879 1676 1000 1758 aalma,
1026 1696 1120 1759 aqua,

7 1713 9 1820 l
113 1765 201 1824 terra
228 1781 365 1845 corpora
393 1765 482 1845 sunt,
514 1782 614 1845 eaque
645 1765 826 1826 cernuntur.
875 1761 974 1827 Illum
1002 1767 1119 1846 autem,
1138 1779 1171 1828 51

113 1849 170 1932 qui
191 1849 436 1934 intellegentiae
460 1849 700 1933 sapientiaeque
724 1870 757 1912 se
785 1852 965 1913 amatorem
989 1851 1120 1935 profite

113 1941 176 2020 tur,
199 1958 328 2002 necesse
351 1941 401 2000 est
423 1937 644 2022 intellegentis
664 1936 883 2020 sapientisque
901 1941 1037 2002 naturae
1055 1938 1120 2022 pri-

7 2067 8 2070 =
73 2041 99 2082 ²⁰
113 2045 184 2089 mas
199 2045 312 2089 causas
327 2025 524 2108 conquirere,
539 2025 612 2090 dein
621 2023 776 2090 secundas
787 2045 896 2088 earum
906 2045 1023 2109 rerum,
1037 2047 1120 2110 quae

7 2107 8 2148 l
113 2113 295 2178 necessario
314 2117 446 2177 movent
464 2113 555 2196 alias,
578 2135 650 2179 cum
673 2113 763 2197 ipsae
786 2113 827 2176 ab
849 2112 921 2177 aliis
940 2118 1119 2179 moventur.

114 2199 271 2275 Quocirca
292 2201 387 2265 nobis
411 2201 457 2266 sic
480 2223 575 2266 cerno
599 2223 669 2266 esse
692 2201 889 2284 iaciendum,
912 2205 948 2266 ut
971 2201 1010 2266 de
1032 2206 1119 2267 utrc-

114 2310 175 2372 que
198 2310 257 2352 nos
281 2289 409 2372 quidem
433 2288 576 2354 dicamus
600 2311 716 2375 genere
739 2311 918 2373 causarum,
943 2291 1119 2374 separatim

115 2379 224 2440 autem
247 2376 285 2440 de
308 2377 362 2459 iis,
392 2399 474 2461 quae
503 2399 575 2442 cum
597 2378 823 2463 intellegentia
846 2383 921 2443 sunt
944 2377 1119 2443 efficientes

73 2479 99 2522 2⁵
114 2464 403 2548 pulcherrimarum
431 2487 538 2530 rerum
567 2469 663 2549 atque
693 2468 913 2549 optumarum,
945 2470 978 2531 et
1005 2465 1043 2530 de
1070 2465 1120 2551 iis,

115 2573 197 2636 quae
227 2556 380 2617 vacantes
412 2552 583 2638 prudentia
615 2553 834 2618 inconstantia
864 2555 1120 2638 perturbataque

115 2638 267 2704 efficiunt.
304 2640 352 2704 Ac
376 2640 414 2704 de
437 2641 603 2705 oculorum
623 2640 752 2724 quidem
771 2641 885 2724 ceasia,
907 2645 945 2705 ut
962 2640 1120 2706 haberent
1138 2657 1172 2706 52

114 2749 186 2791 eam
208 2729 284 2812 vim,
308 2749 405 2812 quarn
427 2750 512 2794 nunc
533 2726 664 2812 habent,
688 2727 768 2792 satis
790 2727 891 2792 ferme
911 2749 981 2793 esse
1000 2728 1120 2794 dictum

113 2819 202 2900 pute.
238 2815 391 2880 Maxuma
409 2820 518 2881 autem
537 2837 649 2882 eorum
666 2816 793 2880 utilitas
813 2817 932 2880 donata
950 2817 1119 2882 hominurn

73 2920 100 2959 ³0
115 2903 225 2987 generi
258 2903 390 2968 deorum
423 2926 553 2969 munere
586 2905 734 2989 deinceps
764 2904 949 2989 explicetur.
999 2904 1119 2971 Rerum

114 2990 200 3054 enim
228 2996 435 3075 optumarum
463 2993 682 3078 cognitionem
704 2992 799 3057 nobis
823 2992 908 3057 oculi
931 2993 1120 3057 attulerunt.

113 3076 200 3142 Nam
223 3079 316 3164 haec,
345 3101 426 3164 quae
454 3085 504 3145 est
530 3081 644 3145 habita
672 3080 710 3144 de
736 3081 948 3145 universitate
972 3081 1077 3145 oratio
1101 3103 1120 3145 a

112 3167 222 3250 nobie,
249 3166 336 3231 haud
363 3189 517 3252 umquam
545 3173 630 3233 esset
657 3168 802 3251 inventa,
830 3168 859 3232 si
884 3189 987 3253 neque
1016 3168 1121 3233 sidera

112 3275 216 3338 neque
235 3255 285 3320 sol
304 3275 408 3340 neque
427 3257 552 3320 caelum
571 3256 631 3320 sub
646 3256 812 3321 oculorum
827 3260 992 3341 aspectum
1009 3256 1121 3322 cadere

71 3357 98 3399 ³⁵
112 3342 305 3426 potuissent.
341 3341 436 3410 Nunc
454 3365 532 3409 vero
550 3343 617 3408 dies
639 3347 814 3427 noctesque
838 3344 939 3410 oculis
962 3345 1122 3430 cognitae,

112 3432 184 3494 tum
212 3451 359 3496 mensum
388 3453 609 3517 annorumque
637 3431 861 3499 conversiones
890 3435 923 3497 et
951 3454 1120 3499 numerum

112 3517 318 3585 machinatae
342 3523 418 3587 sunt
441 3524 475 3584 et
497 3521 638 3605 spatium
661 3520 818 3606 temporis
842 3521 1004 3587 dimensae
1028 3520 1121 3586 etad
