2504 3950
118 175 161 239 92
399 213 402 220 .
510 169 559 224 os
579 167 728 224 oeneus
778 169 780 172 ·

118 335 215 400 modo
238 355 277 398 ea
299 331 438 398 discerni
460 333 635 416 oporteret,
658 330 697 394 de
720 329 845 394 duobus
869 327 1042 415 genenbus
1064 327 1133 412 pri-

119 423 181 488 mis
208 421 314 485 tribus
342 419 436 484 libris
464 418 650 504 explicavit,
681 419 719 482 de
746 417 846 482 tertio
874 419 983 481 antem
1010 435 1133 501 genere

120 509 268 593 deinceps
297 530 331 572 se
359 506 490 591 scripsit
518 506 679 572 dictrrum
705 527 764 570 nec
794 505 933 570 exsolvit
963 504 1010 587 id,
1044 503 1133 587 quod

84 597 323 682 spromiserat.
369 593 462 671 Quod
485 615 522 659 eo
546 593 652 680 magis
680 593 794 677 miror,
824 592 901 677 quia
928 592 1089 680 scriptum
1113 613 1134 656 a

120 685 278 769 discipulo
311 684 379 749 eius
410 681 585 747 Posidonio
617 685 668 748 est
708 681 847 766 triginta
884 681 976 745 annis
1008 680 1132 745 vixisse
1163 699 1178 740 s

118 773 324 856 Panaetium,
351 774 565 856 posteaquam
592 769 669 834 illos
692 769 795 833 libros
819 767 981 832 edidisset.
1027 767 1133 844 Quem

119 861 346 926 locum.·miror
364 881 384 923 a
401 857 576 923 Posidonio
599 857 742 922 breviter
766 877 836 922 esse
858 860 984 921 tactum
1006 856 1043 920 in
1063 857 1133 940 qui-

119 949 257 1014 busdam
280 946 530 1028 commentariis,
553 945 746 1030 praesertim
769 967 842 1009 cum
863 945 986 1010 scribat
1002 944 1133 1008 nullum

85 1055 100 1102 o
120 1057 191 1102 esse
205 1035 438 1100 locumiutota
449 1033 660 1118 philosophia
668 1037 738 1097 tam
746 1031 972 1098 necessarium.
995 1031 1133 1096 Minime

119 1145 196 1190 vero
219 1121 382 1187 assentior
403 1121 460 1200 iis,
483 1121 538 1205 qui
559 1124 682 1207 negant
705 1141 778 1186 eum
800 1120 908 1186 locum
931 1143 952 1184 a
972 1119 1132 1185 Panaetio
1150 1141 1178 1182 ro

119 1211 395 1297 praetermissum,
413 1208 471 1274 sed
487 1209 636 1274 consulto
654 1209 813 1287 relictum,
830 1229 890 1274 nec
908 1207 1040 1273 omnino
1053 1209 1134 1273 scri-

120 1299 262 1365 bendum
279 1298 389 1382 trisse,
408 1297 484 1381 quia
500 1317 678 1381 numquam
695 1301 807 1381 posset
829 1296 956 1360 utilitas
979 1319 1053 1361 cum
1075 1297 1134 1362 ho

119 1391 250 1452 nestate
272 1406 427 1472 pugnare.
462 1384 512 1450 De
535 1406 598 1468 quo
617 1384 757 1449 alterum
775 1388 884 1468 potest
902 1384 1022 1450 habere
1042 1384 1134 1449 dubi-

120 1476 293 1557 tationem,
326 1472 583 1538 adhibendumne
612 1472 713 1536 ·fuerit
738 1473 801 1537 hoc
833 1494 949 1558 genus,
980 1473 1067 1556 quod
1098 1473 1134 1536 in

122 1563 279 1628 divisione
305 1560 443 1624 Panaeti
469 1560 604 1623 tertium
631 1564 694 1643 est,
722 1582 764 1625 an
786 1561 883 1644 plane
907 1560 1134 1645 omittendum,
1149 1579 1178 1622 rs

122 1650 262 1715 alterum
285 1647 428 1711 dubitari
449 1668 516 1711 non
538 1651 656 1731 potest,
680 1648 759 1731 quin
782 1670 802 1712 a
823 1647 980 1713 Panaetio
1004 1669 1134 1732 suscep

121 1741 193 1801 tum
217 1737 268 1817 sit,
292 1735 349 1799 sed
371 1735 529 1799 relictum.
565 1733 652 1799 Nam
671 1736 726 1822 qui
744 1757 762 1798 e
785 1735 942 1801 divisione
964 1736 1135 1821 tripertita

122 1825 202 1889 duas
224 1826 335 1908 partes
364 1822 556 1907 absolverit,
583 1822 658 1888 huic
673 1829 814 1888 'neeesse
842 1827 892 1888 est
918 1829 1042 1889 restare
1069 1828 1135 1888 ter-

122 1913 217 1996 tiam,
246 1915 416 1996 praeterea
436 1911 471 1976 in
494 1915 637 1976 extremo
660 1910 745 1976 libro
769 1913 867 1976 tertio
892 1911 930 1976 de
953 1912 1015 1977 hac
1037 1915 1137 1997 parte*

72 2015 104 2065 ιο
122 2000 297 2085 pollicetur
319 2021 354 2063 se
378 1999 527 2083 deinceps
551 1998 813 2064 essedicturum.
859 1999 993 2064 Accedit
1019 2000 1134 2064 eodem
1148 2020 1178 2062 so

122 2089 217 2152 testis
241 2086 387 2170 locuples
408 2085 616 2169 Posidonius,
645 2087 700 2171 qui
727 2087 826 2152 etiam
854 2088 968 2153 scribit
993 2087 1029 2152 in
1056 2109 1134 2172 qua-

123 2176 198 2239 dam
225 2173 366 2257 epistula
392 2172 427 2236 P.
455 2173 616 2237 Rutilium
643 2173 764 2239 Rufum
792 2175 896 2241 dicere
926 2176 1044 2260 solere,
1075 2177 1135 2260 qui

122 2261 314 2326 Panaetium
334 2259 488 2342 audierat,
506 2265 543 2325 ut
560 2283 655 2326 nemo
673 2263 780 2346 pictor
798 2267 883 2328 esset
896 2264 1058 2350 inventus,
1076 2265 1135 2348 qui

122 2349 157 2414 in
180 2347 248 2414 (loa
267 2347 393 2414 Venere
416 2369 488 2412 eam
510 2352 647 2433 partem,
670 2371 767 2434 quam
789 2349 924 2435 Apelles
944 2351 1135 2417 inchoatam

123 2436 318 2520 reliquisset,
332 2435 516 2501 absolveret
527 2435 607 2522 (oris
616 2437 703 2502 enim
712 2437 919 2522 pulchritudo
933 2440 1052 2523 reliqui
1065 2461 1135 2506 cor-
1147 2460 1177 2502 as

123 2524 212 2609 poris
231 2523 381 2588 imitandi
399 2545 490 2608 spem
508 2521 700 2611 auferebat),
723 2526 769 2590 sic
790 2547 837 2609 ea,
856 2547 938 2610 quae
956 2525 1134 2592 Panaetius

123 2611 395 2696 praetermisisset
410 2614 457 2693 [et
469 2634 536 2678 non
550 2612 753 2697 perfecisset]
766 2618 901 2699 propter
914 2635 1036 2700 eorum,
1050 2637 1135 2700 qnae

85 2757 105 2820 3
123 2699 324 2784 perfecisset,
346 2700 582 2784 praestantiam
602 2701 765 2766 neminem
786 2703 1000 2794 persecutum.

73 2832 104 2880 11
190 2786 295 2864 Quam
323 2788 364 2852 ob
396 2809 465 2854 rem
499 2788 538 2852 de
569 2787 687 2853 iudicio
719 2788 856 2854 Panaeti
891 2789 1035 2856 dubitari
1066 2811 1136 2857 non

122 2879 247 2959 potest3
272 2880 399 2940 rectene
423 2879 532 2940 autem
554 2875 637 2940 hano
659 2877 792 2941 tertiam
814 2881 942 2960 partem
965 2879 1006 2943 ad
1025 2880 1136 2963 exqui·
1149 2899 1179 2941 so

124 2962 261 3027 rendum
283 2963 426 3028 officium
450 2963 631 3028 adiunxerit
659 2985 701 3027 an
728 2984 833 3048 secus,
860 2965 899 3029 de
927 2987 965 3031 eo
992 2965 1137 3032 fortasse

125 3048 285 3135 disputari
307 3053 425 3134 potest.
470 3049 565 3134 Nam,
589 3050 656 3115 sive
679 3050 853 3117 honestum
880 3051 987 3118 solum
1011 3055 1136 3120 bonum

126 3142 185 3216 est,
207 3141 245 3202 ut
266 3135 384 3204 Stoicis
406 3137 525 3222 placet,
547 3137 625 3223 sive,
647 3139 734 3223 quod
756 3137 929 3205 honestum
948 3145 1008 3226 est,
1029 3141 1064 3206 id
1087 3143 1138 3209 ita

124 3245 286 3290 summum
314 3225 435 3290 bonum
463 3228 526 3309 est,
556 3247 651 3309 quem
679 3226 720 3291 ad
747 3227 880 3292 modum
906 3227 1136 3314 Peripateticis

122 3312 242 3376 vestris
265 3310 402 3395 videtur,
425 3315 463 3376 ut
481 3313 591 3378 omnia
609 3335 648 3378 ex
666 3314 770 3380 altera
787 3319 881 3400 parte
900 3316 1063 3382 collocata
1080 3319 1137 3384 vix
1150 3335 1179 3377 ss

124 3397 251 3462 minimi
274 3400 431 3464 momenti
452 3400 558 3465 instar
580 3401 732 3487 habeant,
755 3402 968 3468 dubitandum
989 3425 1057 3470 non
1076 3411 1136 3490 est,

125 3485 204 3568 quin
225 3506 403 3569 numquam
429 3487 535 3571 possit
556 3488 684 3554 utilitas
708 3511 780 3556 cum
807 3491 978 3556 honestate
1005 3497 1137 3558 conten-
