2512 3932
150 181 194 249 38
542 177 591 234 oa
610 175 760 234 osricus

150 342 190 409 de
212 341 339 409 insidiis
361 341 523 430 agendum
541 344 668 426 putant,
690 338 841 405 veritatis
863 339 1014 423 cultores,
1035 337 1167 404 fraudis

150 431 282 514 inimici,
303 431 447 514 itemque
469 429 543 514 alii,
566 429 623 514 qui
646 427 774 513 quidvis
796 428 1036 514 perpetiantur,
1060 427 1167 493 cnivis

150 519 343 602 deserviant,
366 518 452 603 dum,
474 517 560 603 quod
578 517 690 600 velint,
713 521 960 601 consequantur,
978 519 1017 581 ut
1035 513 1167 582 Sullam

151 610 185 674 et
212 606 254 672 M.
277 605 431 674 Crassum
458 606 657 672 videbamus.
702 604 772 681 Quo
799 605 835 669 in
864 625 981 707 genere
1008 605 1167 670 versutis·

152 695 270 764 simum
293 699 327 761 et
348 694 625 782 patientissimum
647 693 938 760 Lacedaemomnm
957 692 1167 777 Lysandrum
1194 709 1206 752 s

151 784 347 870 accepimus,
383 787 560 868 contraque
592 780 850 865 Callicratidan,
887 781 943 866 qui
979 781 1167 867 praefectus

151 873 266 940 classis
284 871 451 958 proximus
469 875 546 957 post
559 869 762 955 Lysandrum
780 869 857 954 fuit3
879 871 1022 955 itemque
1039 871 1077 935 in
1100 892 1167 937 ser·

151 960 301 1026 monibus
334 960 434 1025 alium
468 961 669 1044 [quemque],
700 958 850 1044 quamvis
881 963 1077 1044 praepotens
1111 959 1167 1043 sit,

151 1048 292 1133 efficere,
323 1052 361 1114 ut
391 1069 474 1114 unus
504 1048 543 1113 de
575 1048 688 1113 multis
721 1067 791 1114 esse
822 1047 983 1132 videatur3
1015 1045 1103 1131 quod
1130 1048 1168 1112 in

151 1134 283 1221 catus,
313 1141 346 1202 et
367 1136 403 1202 in
425 1140 519 1222 patra
542 1139 575 1202 et
597 1136 632 1201 in
658 1135 741 1220 filio,
768 1137 911 1220 itemque
937 1136 973 1200 in
995 1134 1032 1211 Q.
1054 1135 1167 1202 Mucio
1181 1152 1207 1193 1⁰

150 1225 175 1308 †
201 1224 330 1291 Mancia
361 1225 510 1291 vidimus.
559 1224 679 1291 Audivi
709 1246 748 1289 ex
778 1224 956 1290 maioribus
987 1227 1069 1290 natu
1101 1224 1167 1290 hoo

150 1312 237 1382 idem
260 1313 361 1380 fuisse
383 1314 419 1379 in
440 1312 475 1380 P.
499 1311 648 1399 Scipione
671 1311 805 1397 Nasica,
835 1317 1012 1397 contraque
1034 1316 1166 1398 patrem

151 1402 231 1486 cius,
253 1402 348 1468 illum
366 1402 423 1486 qui
441 1401 490 1468 Ti.
504 1401 643 1468 Gracchi
661 1404 795 1468 conatus
814 1400 958 1487 perditos
977 1400 1167 1484 vindicavit,

150 1491 278 1557 nullam
300 1491 488 1557 comitatem
510 1489 664 1555 habuisse
687 1490 845 1555 sermonis
869 1492 922 1570 [ne
944 1488 1166 1555 Xenocratem

151 1579 291 1663 quidem,
310 1578 551 1644 severissimum
564 1577 857 1662 philosophorum]
876 1577 919 1643 ob
938 1599 1073 1662 eamque
1092 1599 1165 1643 rem
1181 1593 1207 1634 1⁵

151 1664 1168 1839 attractatusdrithfhtttltmthhzrlh

99 1841 450 1964 31vituperandorum.

99 1975 151 2026 110
219 1931 404 1998 Admodum
426 1935 536 1999 autem
557 1931 698 1997 tenenda
721 1936 798 1997 sunt
821 1952 880 1996 sua
898 1931 1012 2016 cuique
1032 1932 1167 1996 non‘vi·

152 2019 250 2104 tiosa,
273 2020 331 2087 sed
351 2024 464 2087 tamen
485 2020 632 2106 propria,
657 2041 721 2104 quo
743 2019 873 2086 facilius
896 2020 1048 2085 decorum
1070 2019 1166 2103 illud,
1181 2033 1208 2076 2⁰

152 2109 239 2193 quod
262 2107 457 2192 quaerimus,
478 2108 666 2173 retineatur.
712 2104 765 2174 Sic
788 2108 873 2174 enirn
896 2111 948 2172 est
969 2106 1167 2191 laciendum,

150 2199 188 2260 ut
211 2200 325 2261 contra
347 2196 542 2261 universam·
559 2198 712 2261 naturam
738 2195 821 2261 nihil
849 2196 1096 2280 contendamus,
1124 2217 1166 2260 ea

150 2286 262 2349 tamen
293 2287 484 2348 conservata
515 2284 683 2369 propriam
714 2287 862 2350 nostram
894 2305 1079 2368 sequamur,
1115 2287 1167 2367 ut,

151 2371 281 2437 etiamsi
308 2371 376 2436 sint
402 2371 464 2436 alia
492 2373 645 2458 graviora
671 2375 769 2456 atque
791 2372 940 2455 meliora,
967 2376 1079 2436 tamen
1101 2391 1166 2436 nos

151 2459 260 2526 studia
281 2462 396 2524 nostra
411 2463 544 2525 nostrae
561 2464 698 2525 natiuae
715 2461 831 2547 regula
848 2461 1035 2545 metiamur3
1056 2481 1166 2544 neque
1180 2473 1207 2515 2⁵

151 2547 238 2612 enim
265 2547 386 2613 attinet
411 2551 548 2613 naturae
574 2569 756 2636 repugnare
778 2571 837 2614 nec
864 2549 1037 2633 quicquam
1061 2549 1165 2632 sequi,

150 2635 237 2720 quod
255 2635 384 2720 assequi
401 2656 469 2702 non
487 2657 595 2721 queas.
622 2637 673 2702 Ex
690 2657 755 2721 quo
774 2637 881 2722 magis
899 2636 1046 2722 emergit,
1066 2637 1165 2721 quale

150 2724 195 2790 sit
214 2725 365 2791 decorum
382 2724 473 2808 illud,
492 2725 566 2791 ideo
585 2725 662 2809 qnia
677 2724 761 2790 nihil
780 2725 870 2791 decet
887 2725 992 2790 invita
1004 2725 1165 2809 Minerva,

150 2818 188 2878 ut
220 2814 325 2899 aiunt,
361 2813 395 2878 id
429 2817 479 2878 est
511 2813 703 2880 adversante
735 2816 769 2879 et
799 2816 1002 2899 repugnante
1033 2816 1165 2878 natura.

99 2911 148 2962 111
164 2899 303 2966 Omnino
326 2901 356 2966 si
379 2901 552 2986 quicquam
574 2905 625 2966 est
648 2900 813 2983 decorum,
834 2901 919 2966 nihil
942 2905 993 2967 est
1015 2900 1166 2985 profecto
1181 2917 1208 2958 ιο

150 2989 256 3074 magis
285 3009 384 3074 quam
411 2990 628 3074 aequabilitas
654 3009 725 3056 cam
755 2989 925 3054 universae
956 2989 1059 3071 vitae,
1090 2992 1167 3054 tum

151 3077 355 3164 singularum
378 3078 552 3160 actionum,
576 3099 674 3162 quam
696 3097 888 3144 conservare
910 3097 977 3142 non
994 3075 1112 3162 possis,
1135 3077 1168 3141 si

150 3166 289 3231 aliorum
306 3169 460 3232 naturam
477 3165 611 3231 imitans
631 3165 765 3231 omittas
783 3169 884 3231 tuam.
920 3163 967 3230 Ut
989 3165 1076 3230 enim
1099 3185 1167 3229 ser·

150 3273 246 3319 mone
269 3275 307 3319 eo
331 3253 483 3320 debemus
507 3254 570 3338 uti,
597 3253 654 3338 qui
675 3253 807 3318 innatus
830 3257 882 3320 est
908 3252 1018 3336 nobis,
1044 3274 1099 3336 ne,
1126 3258 1168 3318 nt

150 3339 297 3424 quidam,
324 3339 448 3407 Graeca
469 3341 570 3408 verba
596 3341 798 3407 inculcantes
820 3342 890 3406 iure
912 3341 1038 3426 optimo
1062 3341 1167 3406 ridea-
1181 3357 1210 3398 ³⁵

151 3449 239 3511 mur,
263 3427 309 3494 sio
331 3427 366 3492 in
388 3427 532 3494 actiones
556 3451 748 3514 omnemque
769 3430 874 3495 vitam
895 3428 1022 3494 nullam
1046 3429 1167 3494 discre-

100 3531 149 3582 112
164 3515 322 3601 pontiam¹
343 3515 488 3582 conferre
520 3516 681 3584 debemus
726 3517 837 3601 Atque
867 3515 948 3582 haec
980 3516 1167 3584 differentia
