2504 3950
163 183 227 252 ns
553 179 772 236 nsomcns

160 343 309 412 videatur
339 361 411 410 esse
446 342 536 410 utile.
590 340 676 418 Quid
705 341 831 428 igitur?
865 360 1080 426 possumusne
1114 345 1174 406 ent

160 433 256 500 illum
278 430 418 502 Meuium
439 431 547 501 vitum
568 430 691 499 bonum
712 429 855 496 iudicare
876 433 935 496 eut
956 428 1064 498 hunc?
1109 427 1174 494 Ex-

160 521 248 604 plica
261 523 359 604 etque
373 523 486 585 excute
499 517 760 605 intellegentium
775 521 877 601 tum,
894 519 933 582 ut
950 517 1070 599 videos,
1089 537 1174 600 quoe

161 609 206 674 sit
232 607 269 676 in
293 629 333 674 se
360 608 511 693 [species]
537 606 645 677 ἰοῐωα
669 609 705 672 et
730 606 823 672 notio
849 604 914 670 viri
943 604 1031 674 boui.
1074 601 1175 670 Cedit

161 716 241 782 ergo
263 695 299 762 in
318 695 427 766 virum
448 697 571 764 boum
592 693 724 765 mentiri
745 692 957 760 emolumenti
984 692 1035 758 sui
1063 713 1174 777 ceusu,
1199 712 1210 752 ⁵

162 784 340 867 crimined,
366 784 565 868 praeripere,
586 781 724 853 fullone?
768 779 863 848 Nihil
884 780 1032 866 profecto
1054 781 1174 846 minus.

110 889 143 938 ee
161 871 224 939 Est
251 893 330 957 ergo
356 872 426 937 ulle
452 893 505 936 res
531 870 618 938 tenti
649 874 707 938 out
737 869 944 938 commodum
969 869 1076 937 ullum
1104 874 1175 934 tem

162 959 389 1044 expetendum,
419 962 457 1024 nt
487 959 551 1024 viri
581 958 660 1026 boni
688 962 725 1022 ot
756 957 961 1043 splendorem
989 961 1026 1024 et
1053 979 1176 1022 nomen

162 1047 318 1115 emittes?
354 1045 440 1121 Quid
460 1050 521 1128 est,
543 1047 632 1131 qnod
653 1045 780 1112 adferre
802 1049 932 1116 tuntum
951 1045 1080 1113 utilitas
1099 1045 1176 1128 iste,

162 1156 245 1222 quoe
272 1133 402 1217 dicitur,
433 1134 552 1218 possit,
583 1137 743 1218 quantum
774 1133 915 1216 auferre,
946 1134 976 1200 si
1003 1133 1086 1200 boui
1111 1134 1177 1198 viri
1191 1153 1212 1192 ιο

160 1243 281 1290 nomen
301 1222 466 1308 eripuerit,
487 1221 585 1291 fidem
606 1221 832 1306 iustitiumque
854 1221 1053 1288 masio?
1088 1219 1178 1298 Quid

161 1310 248 1380 euim
271 1310 421 1394 interest,
442 1314 555 1378 utrum
577 1332 617 1376 ex
638 1309 770 1378 homine
792 1331 828 1375 se
849 1313 1019 1376 convertet
1042 1309 1117 1394 quis
1141 1310 1178 1374 iu

160 1399 292 1466 beluam
315 1419 357 1466 en
377 1398 520 1464 hominis
541 1397 649 1484 figure
669 1398 898 1466 inmunitatem
921 1401 1016 1484 geret
1032 1397 1177 1462 belnae?

109 1488 150 1553 21
228 1485 334 1563 Quid?
357 1487 414 1570 qui
435 1486 546 1552 omnio
567 1489 656 1552 rectu
677 1489 712 1550 et
729 1485 868 1554 honeste
883 1486 1073 1571 neglegunt,
1096 1485 1177 1550 dum

161 1573 258 1642 modo
290 1574 472 1659 potentium
502 1577 756 1657 consequentur,
785 1595 892 1640 nonne
922 1573 1009 1638 idem
1038 1572 1178 1658 fuciunt,
1191 1593 1213 1632 u

161 1660 308 1746 quodie,
331 1661 387 1744 qui
409 1660 510 1728 etium
532 1681 680 1728 socerum
701 1661 824 1728 hebere
844 1661 951 1728 uoluit
972 1681 1056 1744 eum,
1080 1662 1178 1728 ouius
1244 1717 1245 1750 ,

160 1749 231 1834 ipse
258 1747 393 1814 audacie
418 1752 534 1833 potens
561 1750 668 1814 esset?
713 1747 804 1814 Utile
826 1750 857 1814 ei
879 1749 1051 1816 videbatur
1072 1751 1178 1834 pluri·
1244 1763 1245 1776 ¹

161 1858 252 1904 mum
282 1857 379 1921 posse
411 1836 545 1904 ulterius
577 1836 714 1920 invidis3
749 1836 784 1902 id
817 1859 916 1920 quem
945 1837 1106 1904 iniustum
1140 1839 1178 1902 in

160 1925 303 2010 putrium
320 1928 355 1990 et
372 1946 472 2009 quem
488 1928 584 2010 turpe
602 1928 698 2009 esset,
714 1945 781 1992 uon
798 1925 939 1990 videliet.
967 1923 1044 2010 lpse
1061 1930 1178 1992 eutem

142 2034 252 2080 ,socer
274 2013 310 2078 in
331 2034 388 2078 ore
410 2034 537 2098 semper
554 2011 696 2080 Graecos
718 2033 831 2082 uersus
850 2013 889 2077 de
907 2012 1098 2082 Phoenissis
1116 2015 1177 2080 luo·
1190 2033 1213 2072 2⁰

160 2101 273 2183 behet,
295 2121 378 2183 quos
400 2100 519 2183 dimm,
541 2104 579 2164 ut
600 2105 732 2185 potero,
753 2101 917 2166 incondite
938 2100 1093 2186 fortusse,
1116 2103 1177 2168 sed

160 2192 285 2270 umen,
307 2190 420 2254 utres
441 2188 548 2270 possit
569 2188 732 2274 intellegi:

202 2271 301 2344 Nom
326 2271 365 2338 si
388 2273 611 2344 violandum
637 2281 697 2342 est
723 2277 797 2362 ius,
824 2277 1014 2362 regne-ndi
1040 2279 1177 2364 guttis
1243 2313 1244 2342 l

204 2359 437 2429 Violdndum
458 2365 532 2446 est3
554 2363 784 2430 uliis‘rebus
806 2365 995 2449 pietutdm
1017 2366 1137 2431 colus.

161 2448 321 2534 Capitulis
340 2447 503 2529 [Eteocles
521 2451 573 2516 vel
591 2451 701 2536 potins
719 2451 914 2536 Euripidesl,
934 2451 992 2536 qui
1008 2453 1043 2517 id
1060 2475 1175 2538 unum,
1189 2471 1213 2512 2⁵

108 2536 248 2620 eoquod
271 2536 415 2604 omnum
438 2539 723 2606 sceleratissimum
742 2539 851 2624 fuerit,
874 2541 1048 2625 exceperit!
1088 2541 1175 2618 Quid

159 2624 262 2710 igitur
280 2625 406 2692 minute
423 2625 618 2712 colligimus,
639 2627 848 2711 hereditates,
867 2632 1078 2712 mercaturus,
1096 2652 1176 2696 ven-

160 2713 299 2782 ditiones
325 2712 571 2780 ireudulentus?
601 2736 673 2782 ecce
699 2715 775 2800 titi,
805 2715 861 2800 qui
886 2737 944 2781 rex
970 2717 1086 2802 populi
1108 2717 1176 2782 Re

160 2802 249 2868 meni
271 2801 483 2888 dominusque
511 2802 657 2869 omnium
684 2803 831 2889 gentium
856 2825 927 2869 esse
949 2805 1175 2889 concupiverit
1242 2847 1243 2888 ,

159 2888 256 2972 idque
278 2889 462 2973 pensemus
498 2888 593 2962 Hono
614 2891 879 2978 eupiditatemsi
900 2893 1074 2958 honestum
1097 2893 1173 2978 quis
1188 2911 1214 2951 ³⁰
1242 2895 1243 2924 ¹

156 2996 231 3042 esso
253 2975 341 3060 dicit,
363 2998 475 3045 emens
497 2982 561 3061 est,
582 2978 702 3064 probat
719 2979 806 3046 enim
823 2979 936 3066 legum
953 2983 987 3046 et
1005 2979 1174 3046 libertatis

158 3063 328 3132 interitum
351 3086 525 3150 eorumque
547 3067 792 3152 oppressionem
814 3071 955 3134 tostum
978 3073 1012 3134 et
1030 3068 1175 3136 deteste-

159 3151 260 3219 bilem
283 3151 461 3238 gloriosum
483 3156 589 3238 putot.
633 3153 695 3231 Qui
718 3159 827 3228 eutem
848 3154 973 3222 letetur
994 3156 1173 3224 honestum

160 3258 225 3308 uon
252 3260 322 3306 esse
349 3240 385 3309 iu
410 3262 449 3308 os
475 3241 622 3324 civitate,
653 3265 736 3326 quoe
763 3243 868 3310 libero
895 3243 995 3310 fuerit
1021 3267 1173 3331 quosque

159 3345 230 3390 esse
248 3325 374 3409 debeat,
396 3349 542 3414 regnare,
565 3327 622 3395 sed
641 3329 679 3414 ei,
702 3331 758 3415 qui
780 3330 813 3397 id
835 3330 943 3399 fecere
960 3334 1076 3418 possit,
1098 3355 1173 3398 esse
1187 3348 1215 3392 ⁸⁵

159 3411 256 3494 utile,
278 3433 343 3495 qus
364 3413 449 3482 hunc
472 3415 699 3502 obiurgatione
722 3423 780 3485 out
802 3439 866 3503 quo
889 3420 999 3506 potius
1022 3422 1172 3488 convicio

159 3519 181 3564 o
201 3500 296 3568 tento
319 3520 431 3568 errore
449 3523 546 3572 coner
572 3505 735 3572 evellere?
781 3505 896 3574 Potest
923 3509 1023 3594 enim,
1050 3509 1084 3576 di
1110 3510 1173 3576 im·
