2512 3932
150 152 194 218 26
544 145 762 204 occurrens

149 312 222 400 regi
252 311 368 379 civitas
401 313 458 376 aut
489 309 647 375 declarari
678 308 780 373 animi
811 307 1016 396 magnitudo·
1039 313 1164 394 potest.

150 399 402 484 Capessentibus
417 401 526 463 autem
540 418 609 462 rem
627 396 792 481 publicam
809 395 913 460 nihilo
932 397 1040 462 minus
1061 417 1164 482 quam

149 487 369 575 philosophis,
398 485 485 551 haud
513 485 581 551 scio
611 505 654 549 an
682 483 788 570 magis
818 484 919 550 etiam
947 488 982 549 et
1011 485 1164 571 magnifi-

151 575 257 642 centia
283 578 318 640 et
344 573 555 658 despicientia
581 571 763 648 adhibendo
790 574 841 636 est
866 592 976 637 rerum
1002 571 1163 638 humana·

150 684 237 748 rum,
264 685 362 747 quam
389 683 485 747 saepe
513 661 597 744 dico,
624 663 658 724 et
684 659 907 743 tranquillitas
931 661 1032 726 animi
1060 665 1163 745 atque
1191 677 1205 718 ο

151 751 323 835 securitas,
345 750 504 835 siquidem
524 770 585 815 nec
607 747 697 813 anxii
717 747 820 813 futuri
843 752 921 812 sunt
942 752 1068 814 etcum
1087 769 1163 834 gra-

100 854 133 904 '13
150 840 253 905 vitate
276 838 522 921 constantiaque
544 836 670 902 victuri.
705 833 795 910 Quae
817 835 968 902 faciliora
990 839 1067 902 sunt
1089 837 1163 922 plri-

152 926 313 1011 losophis,
331 945 395 1010 quo
414 925 521 990 minus
540 925 645 991 multa
662 926 777 1009 patent
794 923 834 994 in
847 945 960 990 eorum
977 924 1056 1008 uita,
1077 946 1162 1009 quae

151 1015 284 1079 fortuna
309 1013 420 1096 feriat,
448 1017 481 1078 et
509 1032 572 1096 quo
600 1011 706 1076 minus
730 1011 843 1077 multis
865 1012 962 1078 rebus
986 1016 1098 1098 egent,
1126 1017 1163 1078 et

153 1102 242 1186 quia,
260 1101 381 1186 siquid
398 1099 526 1166 adversi
543 1100 684 1183 eveniat,
701 1102 771 1166 tam
790 1100 934 1184 graviter
956 1100 1070 1166 cadere
1093 1122 1163 1166 non
1177 1120 1204 1160 ιο

152 1193 298 1275 possunt.
334 1189 491 1264 Quocirca
507 1209 574 1254 nou
596 1189 666 1253 sine
684 1208 782 1253 eausa
804 1188 944 1253 maiores
962 1191 1071 1253 motus
1091 1190 1163 1254 ani-

151 1299 279 1343 morum
312 1278 516 1344 concitantur
550 1276 737 1360 maioraque
765 1277 871 1342 abdiu
899 1275 1059 1342 efficiendi
1089 1297 1163 1342 rem

151 1367 316 1451 publicam
340 1365 528 1452 gerentibus
555 1385 653 1449 quam
680 1363 812 1448 quietis,
840 1385 904 1448 quo
931 1364 1037 1450 magis
1061 1364 1103 1430 iia
1126 1370 1163 1430 et

151 1454 341 1542 magnitudo
365 1458 416 1518 est
438 1452 538 1518 animi
560 1451 743 1517 adhibenda
768 1454 802 1516 et
823 1451 971 1518 vacuitas
994 1453 1035 1517 ab
1059 1472 1161 1538 ange-

150 1543 252 1608 ribus.
295 1541 349 1607 Ad
370 1563 440 1606 rem
462 1539 637 1626 gerendam
659 1543 768 1604 autem
792 1539 848 1624 qui
871 1539 1007 1623 accedit,
1034 1545 1161 1624 areat,
1177 1559 1204 1599 1⁵

151 1649 192 1694 ne
223 1629 257 1693 id
288 1629 384 1694 modo
417 1627 610 1712 consideret,
642 1649 740 1711 quam
770 1628 831 1693 illa
860 1649 913 1693 res
939 1628 1079 1694 honesta
1107 1628 1163 1713 sit,

153 1718 210 1782 sed
228 1715 327 1782 etiam
349 1719 387 1780 ut
404 1715 525 1781 habeat
542 1715 700 1780 efficiendi
717 1713 923 1800 facultatem,
944 1716 980 1782 in
998 1737 1062 1801 quo
1085 1717 1161 1801 ipso

152 1803 419 1871 considerandum
446 1807 510 1888 est,
538 1824 580 1869 ne
611 1807 668 1868 aut
695 1806 816 1868 temere
844 1804 993 1889 desperet
1023 1809 1162 1890 propter

151 1892 317 1978 ignaviam
340 1895 397 1958 aut
418 1891 516 1957 nimis
538 1891 679 1959 confidat
701 1891 1078 1977 proptercupiditatem.
1119 1891 1162 1956 ln

153 1981 302 2047 omnibus
326 1985 435 2046 autem
456 1979 610 2066 negotiis,
633 1980 722 2064 prius
747 2001 845 2064 quam
868 1979 1074 2066 adgrediare,
1102 1981 1161 2046 ad·
1176 2000 1204 2040 ao

100 2068 295 2198 22hibenda
318 2073 368 2132 est
390 2067 597 2168 praeparatio
621 2066 768 2167 diligens.
930 2156 937 2170 ι
1074 2157 1082 2171 0

100 2211 135 2261 u
153 2154 1160 2329 Smila

153 2331 239 2398 enim
262 2331 350 2396 bella
372 2351 468 2415 saepe
491 2331 720 2415 quaesiverunt
736 2336 871 2417 propter
894 2332 1019 2417 gloriae
1037 2333 1161 2416 cupidi·

153 2424 270 2503 tatem,
288 2422 386 2503 atque
403 2418 438 2483 id
454 2417 490 2483 in
506 2419 634 2504 magnis
658 2419 775 2484 animis
797 2420 1000 2505 ingeniisque
1018 2421 1161 2504 plerum·
1176 2439 1204 2480 aa

153 2528 216 2591 que
234 2506 408 2591 contingit,
431 2526 532 2589 eoque
550 2507 670 2592 magis,
693 2505 721 2571 si
739 2511 816 2573 sunt
834 2507 962 2573 adrem
980 2509 1160 2573 militarem

154 2595 223 2679 apti
250 2598 285 2660 et
310 2593 417 2678 cupidi
442 2594 604 2660 bellorum
634 2595 861 2680 gerendorum,
888 2615 964 2661 vere
992 2599 1101 2662 autem
1129 2598 1161 2661 si

153 2683 303 2749 volumus
326 2683 481 2767 iudicare,
504 2682 627 2770 multae
650 2703 701 2748 res
725 2683 904 2748 extiterunt
926 2684 1069 2750 urbanae
1091 2705 1161 2750 ma-

101 2785 134 2834 ‘15
152 2771 237 2838 iores
261 2771 477 2856 clarioresque
500 2792 598 2855 quam
620 2771 764 2836 bellicae.
802 2770 955 2846 Quemvis
975 2773 1062 2837 enim
1076 2771 1160 2838 The·

153 2860 318 2924 mistocles
340 2859 410 2925 iure
432 2859 583 2924 laudetur
605 2863 638 2923 et
661 2859 705 2923 sit
727 2859 795 2923 eius
814 2880 932 2925 nomen
956 2881 1054 2943 quam
1068 2857 1160 2926 Solo·
1175 2877 1205 2919 eo

152 2947 204 3011 nis
235 2946 405 3012 inlustrius
437 2947 617 3031 citcturque
649 2944 788 3012 Salamis
825 2947 1025 3013 clarissimae
1061 2948 1159 3013 testis

152 3034 323 3116 victoriae,
351 3054 433 3117 quae
464 3037 680 3120 anteponatur
706 3034 842 3102 consilio
865 3032 994 3100 Solonis
1022 3036 1065 3118 ei,
1093 3055 1160 3119 quo

152 3123 294 3207 primum
312 3121 483 3187 constituit
502 3121 729 3207 Ariopagitas,
745 3141 812 3188 non
829 3123 937 3188 minus
955 3122 1161 3208 praeclarum

153 3209 215 3275 hoo
238 3231 336 3294 quam
353 3209 435 3274 illud
452 3210 658 3275 iudicandum
676 3214 740 3292 est3
761 3210 844 3276 illud
862 3211 949 3277 enim
967 3211 1067 3276 semel
1085 3231 1161 3297 pro-

152 3297 229 3380 fuit,
260 3297 323 3363 hoo
344 3317 472 3383 semper
497 3298 642 3383 proderit
665 3297 803 3381 civitati3
825 3299 888 3364 hoe
909 3299 1045 3365 consiliu
1068 3299 1161 3384 leges
1176 3315 1206 3358 ει

153 3384 415 3469 Atheniensium,
446 3385 508 3450 hoc
540 3386 700 3452 maiorum
730 3385 883 3452 instituta
909 3390 1094 3470 servantum
1126 3391 1161 3452 et

153 3472 388 3538 Themistocles
412 3472 541 3555 quidem
562 3473 646 3538 nihil
668 3473 799 3556 dixerit,
820 3473 856 3538 in
878 3493 942 3558 quo
965 3474 1036 3559 ipse
1058 3474 1161 3540 Areo·
