<?xml version="1.0" encoding="UTF-8"?>
<!DOCTYPE html PUBLIC "-//W3C//DTD XHTML 1.0 Transitional//EN"
    "http://www.w3.org/TR/xhtml1/DTD/xhtml1-transitional.dtd">
<html xmlns="http://www.w3.org/1999/xhtml" xml:lang="en" lang="en">
 <head>
  <title>
</title>
<meta http-equiv="Content-Type" content="text/html;charset=utf-8" />
  <meta name='ocr-system' content='tesseract 3.04.00' />
  <meta name='ocr-capabilities' content='ocr_page ocr_carea ocr_par ocr_line ocrx_word'/>
</head>
<body>
  <div class='ocr_page' id='page_1' title='image "./mtulliiciceroni04mlgoog_0288.png"; bbox 0 0 2578 3950; ppageno 0'>
   <div class='ocr_carea' id='block_1_1' title="bbox 442 191 1127 264">
    <p class='ocr_par' dir='ltr' id='par_1_1' title="bbox 442 191 1127 264">
     <span class='ocr_line' id='line_1_1' title="bbox 442 191 1127 264; baseline 0.028 -19"><span class='ocrx_word' id='word_1_1' title='bbox 442 191 633 250; x_wconf 72' lang='lat' dir='ltr'><strong>enne—11.</strong></span> <span class='ocrx_word' id='word_1_2' title='bbox 671 199 818 260; x_wconf 77' lang='lat' dir='ltr'><strong>see-ee.</strong></span> <span class='ocrx_word' id='word_1_3' title='bbox 1060 197 1127 264; x_wconf 79' lang='lat'><strong>225</strong></span> 
     </span>
    </p>
   </div>
   <div class='ocr_carea' id='block_1_2' title="bbox 7 352 1181 3687">
    <p class='ocr_par' dir='ltr' id='par_1_2' title="bbox 78 352 1181 1588">
     <span class='ocr_line' id='line_1_2' title="bbox 115 352 1125 441; baseline 0.002 -21"><span class='ocrx_word' id='word_1_4' title='bbox 115 357 234 420; x_wconf 82' lang='lat' dir='ltr'><strong>ventur</strong></span> <span class='ocrx_word' id='word_1_5' title='bbox 256 352 342 439; x_wconf 84' lang='lat' dir='ltr'><strong>loco,</strong></span> <span class='ocrx_word' id='word_1_6' title='bbox 370 373 452 436; x_wconf 80' lang='lat' dir='ltr'><strong>ques</strong></span> <span class='ocrx_word' id='word_1_7' title='bbox 479 356 555 422; x_wconf 84' lang='lat' dir='ltr'><strong>sunt</strong></span> <span class='ocrx_word' id='word_1_8' title='bbox 578 353 771 438; x_wconf 70' lang='lat' dir='ltr'><strong>animantia,</strong></span> <span class='ocrx_word' id='word_1_9' title='bbox 803 355 1054 441; x_wconf 77' lang='lat' dir='ltr'><strong>esqcsuivinc,</strong></span> <span class='ocrx_word' id='word_1_10' title='bbox 1083 359 1125 422; x_wconf 90' lang='lat' dir='ltr'><strong>ob</strong></span> 
     </span>
     <span class='ocr_line' id='line_1_3' title="bbox 117 439 1125 530; baseline 0.006 -22"><span class='ocrx_word' id='word_1_11' title='bbox 117 462 252 526; x_wconf 87' lang='lat' dir='ltr'><strong>eamque</strong></span> <span class='ocrx_word' id='word_1_12' title='bbox 285 462 416 510; x_wconf 84' lang='lat' dir='ltr'><strong>causam</strong></span> <span class='ocrx_word' id='word_1_13' title='bbox 449 441 516 506; x_wconf 91' lang='lat' dir='ltr'><strong>suis</strong></span> <span class='ocrx_word' id='word_1_14' title='bbox 549 439 679 509; x_wconf 85' lang='lat' dir='ltr'><strong>sedibus</strong></span> <span class='ocrx_word' id='word_1_15' title='bbox 712 442 882 512; x_wconf 42' lang='lat' dir='ltr'><strong>&amp;aaroni</strong></span> <span class='ocrx_word' id='word_1_16' title='bbox 909 448 942 508; x_wconf 86' lang='lat' dir='ltr'><strong>et</strong></span> <span class='ocrx_word' id='word_1_17' title='bbox 969 449 1125 530; x_wconf 86' lang='lat' dir='ltr'><strong>perpetuo</strong></span> 
     </span>
     <span class='ocr_line' id='line_1_4' title="bbox 117 527 1126 615; baseline 0.002 -17"><span class='ocrx_word' id='word_1_18' title='bbox 117 533 259 598; x_wconf 87' lang='lat' dir='ltr'><strong>manent.</strong></span> <span class='ocrx_word' id='word_1_19' title='bbox 305 527 394 604; x_wconf 74' lang='lat' dir='ltr'><strong>Ques</strong></span> <span class='ocrx_word' id='word_1_20' title='bbox 415 533 526 599; x_wconf 82' lang='lat' dir='ltr'><strong>autem</strong></span> <span class='ocrx_word' id='word_1_21' title='bbox 548 550 634 615; x_wconf 80' lang='lat' dir='ltr'><strong>uage</strong></span> <span class='ocrx_word' id='word_1_22' title='bbox 657 533 689 600; x_wconf 89' lang='lat' dir='ltr'><strong>et</strong></span> <span class='ocrx_word' id='word_1_23' title='bbox 712 531 864 601; x_wconf 72' lang='lat' dir='ltr'><strong>mutabili</strong></span> <span class='ocrx_word' id='word_1_24' title='bbox 892 533 1053 602; x_wconf 77' lang='lat' dir='ltr'>erratione</span> <span class='ocrx_word' id='word_1_25' title='bbox 1081 534 1126 600; x_wconf 90' lang='lat' dir='ltr'><strong>le·</strong></span> 
     </span>
     <span class='ocr_line' id='line_1_5' title="bbox 116 617 1181 703; baseline 0.002 -17"><span class='ocrx_word' id='word_1_26' title='bbox 116 619 247 702; x_wconf 84' lang='lat' dir='ltr'><strong>buntur,</strong></span> <span class='ocrx_word' id='word_1_27' title='bbox 269 617 318 685; x_wconf 85' lang='lat' dir='ltr'><strong>ita</strong></span> <span class='ocrx_word' id='word_1_28' title='bbox 336 621 491 702; x_wconf 80' lang='lat' dir='ltr'><strong>genereta</strong></span> <span class='ocrx_word' id='word_1_29' title='bbox 510 621 594 696; x_wconf 86' lang='lat' dir='ltr'><strong>sunt,</strong></span> <span class='ocrx_word' id='word_1_30' title='bbox 614 621 769 703; x_wconf 73' lang='lat' dir='ltr'><strong>utsupra</strong></span> <span class='ocrx_word' id='word_1_31' title='bbox 787 619 934 690; x_wconf 81' lang='lat' dir='ltr'><strong>diximus.</strong></span> <span class='ocrx_word' id='word_1_32' title='bbox 964 619 1035 692; x_wconf 83' lang='lat' dir='ltr'><strong>Iam</strong></span> <span class='ocrx_word' id='word_1_33' title='bbox 1048 643 1125 689; x_wconf 80' lang='lat' dir='ltr'><strong>uero</strong></span> <span class='ocrx_word' id='word_1_34' title='bbox 1145 639 1181 688; x_wconf 81' lang='lat' dir='ltr'><strong>er</strong></span> 
     </span>
     <span class='ocr_line' id='line_1_6' title="bbox 89 705 1125 792; baseline 0.014 -26"><span class='ocrx_word' id='word_1_35' title='bbox 89 711 250 790; x_wconf 73' lang='lat' dir='ltr'><strong>stenem,</strong></span> <span class='ocrx_word' id='word_1_36' title='bbox 273 705 421 776; x_wconf 72' lang='lat' dir='ltr'><strong>ultricem</strong></span> <span class='ocrx_word' id='word_1_37' title='bbox 434 709 591 792; x_wconf 67' lang='lat' dir='ltr'><strong>narbam,</strong></span> <span class='ocrx_word' id='word_1_38' title='bbox 614 727 698 790; x_wconf 78' lang='lat' dir='ltr'><strong>quae</strong></span> <span class='ocrx_word' id='word_1_39' title='bbox 718 707 854 778; x_wconf 79' lang='lat' dir='ltr'><strong>traiecto</strong></span> <span class='ocrx_word' id='word_1_40' title='bbox 869 708 922 778; x_wconf 80' lang='lat' dir='ltr'><strong>ani</strong></span> <span class='ocrx_word' id='word_1_41' title='bbox 939 709 1125 792; x_wconf 77' lang='lat' dir='ltr'><strong>sustinetur,</strong></span> 
     </span>
     <span class='ocr_line' id='line_1_7' title="bbox 118 793 1126 882; baseline 0.001 -20"><span class='ocrx_word' id='word_1_42' title='bbox 118 794 182 862; x_wconf 85' lang='lat' dir='ltr'><strong>diei</strong></span> <span class='ocrx_word' id='word_1_43' title='bbox 204 794 372 878; x_wconf 82' lang='lat' dir='ltr'><strong>noctisque</strong></span> <span class='ocrx_word' id='word_1_44' title='bbox 397 793 589 862; x_wconf 84' lang='lat' dir='ltr'><strong>effectricem</strong></span> <span class='ocrx_word' id='word_1_45' title='bbox 617 793 813 879; x_wconf 75' lang='lat' dir='ltr'><strong>eandemque</strong></span> <span class='ocrx_word' id='word_1_46' title='bbox 832 797 1015 882; x_wconf 79' lang='lat' dir='ltr'><strong>custodem,</strong></span> <span class='ocrx_word' id='word_1_47' title='bbox 1045 799 1126 868; x_wconf 87' lang='lat' dir='ltr'><strong>auti·</strong></span> 
     </span>
     <span class='ocr_line' id='line_1_8' title="bbox 118 881 1166 971; baseline 0.001 -21"><span class='ocrx_word' id='word_1_48' title='bbox 118 883 310 967; x_wconf 88' lang='lat' dir='ltr'><strong>quissimam</strong></span> <span class='ocrx_word' id='word_1_49' title='bbox 337 881 470 948; x_wconf 87' lang='lat' dir='ltr'><strong>deorum</strong></span> <span class='ocrx_word' id='word_1_50' title='bbox 498 881 642 949; x_wconf 88' lang='lat' dir='ltr'><strong>omnium</strong></span> <span class='ocrx_word' id='word_1_51' title='bbox 674 883 780 950; x_wconf 85' lang='lat' dir='ltr'><strong>voluit</strong></span> <span class='ocrx_word' id='word_1_52' title='bbox 811 906 881 949; x_wconf 84' lang='lat' dir='ltr'><strong>esse</strong></span> <span class='ocrx_word' id='word_1_53' title='bbox 914 907 1038 971; x_wconf 85' lang='lat' dir='ltr'><strong>eorum,</strong></span> <span class='ocrx_word' id='word_1_54' title='bbox 1071 887 1127 970; x_wconf 89' lang='lat' dir='ltr'><strong>qui</strong></span> <span class='ocrx_word' id='word_1_55' title='bbox 1162 962 1166 970; x_wconf 42' lang='grc'>,</span> 
     </span>
     <span class='ocr_line' id='line_1_9' title="bbox 117 969 1126 1056; baseline 0.006 -22"><span class='ocrx_word' id='word_1_56' title='bbox 117 971 207 1040; x_wconf 83' lang='lat' dir='ltr'><strong>intre</strong></span> <span class='ocrx_word' id='word_1_57' title='bbox 225 970 350 1040; x_wconf 85' lang='lat' dir='ltr'><strong>caelum</strong></span> <span class='ocrx_word' id='word_1_58' title='bbox 373 971 593 1056; x_wconf 73' lang='lat' dir='ltr'><strong>gignerentur.</strong></span> <span class='ocrx_word' id='word_1_59' title='bbox 629 969 787 1040; x_wconf 78' lang='lat' dir='ltr'><strong>Lusiones</strong></span> <span class='ocrx_word' id='word_1_60' title='bbox 810 976 919 1042; x_wconf 83' lang='lat' dir='ltr'><strong>nutem</strong></span> <span class='ocrx_word' id='word_1_61' title='bbox 941 974 1074 1042; x_wconf 82' lang='lat' dir='ltr'><strong>deorum</strong></span> <span class='ocrx_word' id='word_1_62' title='bbox 1093 979 1126 1040; x_wconf 89' lang='lat' dir='ltr'><strong>et</strong></span> 
     </span>
     <span class='ocr_line' id='line_1_10' title="bbox 118 1058 1126 1144; baseline 0.008 -20"><span class='ocrx_word' id='word_1_63' title='bbox 118 1059 204 1126; x_wconf 88' lang='lat' dir='ltr'><strong>inter</strong></span> <span class='ocrx_word' id='word_1_64' title='bbox 216 1059 305 1143; x_wconf 82' lang='lat' dir='ltr'><strong>ipsos</strong></span> <span class='ocrx_word' id='word_1_65' title='bbox 318 1058 397 1128; x_wconf 72' lang='lat' dir='ltr'><strong>deos</strong></span> <span class='ocrx_word' id='word_1_66' title='bbox 411 1059 647 1142; x_wconf 66' lang='lat' dir='ltr'><strong>wneursionen</strong></span> <span class='ocrx_word' id='word_1_67' title='bbox 659 1081 806 1144; x_wconf 73' lang='lat' dir='ltr'><strong>quaeque</strong></span> <span class='ocrx_word' id='word_1_68' title='bbox 817 1061 853 1128; x_wconf 89' lang='lat' dir='ltr'><strong>in</strong></span> <span class='ocrx_word' id='word_1_69' title='bbox 867 1062 999 1132; x_wconf 80' lang='lat' dir='ltr'><strong>orbibus</strong></span> <span class='ocrx_word' id='word_1_70' title='bbox 1014 1073 1126 1132; x_wconf 79' lang='lat' dir='ltr'><strong>eorum</strong></span> 
     </span>
     <span class='ocr_line' id='line_1_11' title="bbox 78 1147 1126 1236; baseline 0.011 -31"><span class='ocrx_word' id='word_1_71' title='bbox 78 1166 106 1206; x_wconf 79' lang='lat' dir='ltr'><strong>ro</strong></span> <span class='ocrx_word' id='word_1_72' title='bbox 119 1147 344 1214; x_wconf 76' lang='lat' dir='ltr'><strong>conversiones</strong></span> <span class='ocrx_word' id='word_1_73' title='bbox 369 1168 514 1231; x_wconf 87' lang='lat' dir='ltr'><strong>quaeque</strong></span> <span class='ocrx_word' id='word_1_74' title='bbox 536 1147 959 1233; x_wconf 63' lang='lat' dir='ltr'><strong>suessionensium,</strong></span> <span class='ocrx_word' id='word_1_75' title='bbox 988 1173 1126 1236; x_wconf 85' lang='lat' dir='ltr'><strong>eumque</strong></span> 
     </span>
     <span class='ocr_line' id='line_1_12' title="bbox 117 1235 1127 1323; baseline 0.004 -23"><span class='ocrx_word' id='word_1_76' title='bbox 117 1235 204 1300; x_wconf 87' lang='lat' dir='ltr'><strong>inter</strong></span> <span class='ocrx_word' id='word_1_77' title='bbox 223 1257 257 1300; x_wconf 87' lang='lat' dir='ltr'><strong>se</strong></span> <span class='ocrx_word' id='word_1_78' title='bbox 275 1257 376 1320; x_wconf 86' lang='lat' dir='ltr'><strong>paone</strong></span> <span class='ocrx_word' id='word_1_79' title='bbox 395 1235 596 1321; x_wconf 81' lang='lat' dir='ltr'><strong>contingant,</strong></span> <span class='ocrx_word' id='word_1_80' title='bbox 614 1256 727 1302; x_wconf 87' lang='lat' dir='ltr'><strong>eorum</strong></span> <span class='ocrx_word' id='word_1_81' title='bbox 746 1236 802 1322; x_wconf 86' lang='lat' dir='ltr'><strong>qui</strong></span> <span class='ocrx_word' id='word_1_82' title='bbox 819 1255 922 1321; x_wconf 81' lang='lat' dir='ltr'><strong>prope</strong></span> <span class='ocrx_word' id='word_1_83' title='bbox 935 1240 1127 1323; x_wconf 86' lang='lat' dir='ltr'><strong>copulentur</strong></span> 
     </span>
     <span class='ocr_line' id='line_1_13' title="bbox 118 1323 1127 1408; baseline 0.006 -20"><span class='ocrx_word' id='word_1_84' title='bbox 118 1323 344 1408; x_wconf 74' lang='lat' dir='ltr'><strong>contrarieque</strong></span> <span class='ocrx_word' id='word_1_85' title='bbox 376 1323 507 1408; x_wconf 78' lang='lat' dir='ltr'><strong>regione</strong></span> <span class='ocrx_word' id='word_1_86' title='bbox 540 1327 572 1387; x_wconf 86' lang='lat' dir='ltr'><strong>et</strong></span> <span class='ocrx_word' id='word_1_87' title='bbox 604 1344 688 1408; x_wconf 87' lang='lat' dir='ltr'><strong>pone</strong></span> <span class='ocrx_word' id='word_1_88' title='bbox 717 1345 797 1408; x_wconf 85' lang='lat' dir='ltr'><strong>qnos</strong></span> <span class='ocrx_word' id='word_1_89' title='bbox 825 1328 882 1393; x_wconf 86' lang='lat' dir='ltr'><strong>aut</strong></span> <span class='ocrx_word' id='word_1_90' title='bbox 911 1330 986 1394; x_wconf 80' lang='lat' dir='ltr'><strong>ente</strong></span> <span class='ocrx_word' id='word_1_91' title='bbox 1016 1327 1127 1396; x_wconf 81' lang='lat' dir='ltr'><strong>laban·</strong></span> 
     </span>
     <span class='ocr_line' id='line_1_14' title="bbox 118 1411 1127 1497; baseline 0.005 -21"><span class='ocrx_word' id='word_1_92' title='bbox 118 1415 174 1476; x_wconf 87' lang='lat' dir='ltr'><strong>tur</strong></span> <span class='ocrx_word' id='word_1_93' title='bbox 192 1412 372 1496; x_wconf 79' lang='lat' dir='ltr'><strong>quibusque</strong></span> <span class='ocrx_word' id='word_1_94' title='bbox 390 1411 591 1496; x_wconf 78' lang='lat' dir='ltr'><strong>temporibus</strong></span> <span class='ocrx_word' id='word_1_95' title='bbox 611 1433 631 1476; x_wconf 84' lang='lat' dir='ltr'>a</span> <span class='ocrx_word' id='word_1_96' title='bbox 648 1414 763 1479; x_wconf 88' lang='lat' dir='ltr'><strong>nostro</strong></span> <span class='ocrx_word' id='word_1_97' title='bbox 783 1416 916 1497; x_wconf 81' lang='lat' dir='ltr'><strong>aepeetu</strong></span> <span class='ocrx_word' id='word_1_98' title='bbox 931 1415 1127 1483; x_wconf 81' lang='lat' dir='ltr'><strong>oblitescant</strong></span> 
     </span>
     <span class='ocr_line' id='line_1_15' title="bbox 118 1499 1127 1588; baseline 0.004 -24"><span class='ocrx_word' id='word_1_99' title='bbox 118 1521 294 1584; x_wconf 81' lang='lat' dir='ltr'><strong>rursusque</strong></span> <span class='ocrx_word' id='word_1_100' title='bbox 317 1499 433 1566; x_wconf 88' lang='lat' dir='ltr'><strong>emersi</strong></span> <span class='ocrx_word' id='word_1_101' title='bbox 456 1504 614 1567; x_wconf 85' lang='lat' dir='ltr'><strong>terrorem</strong></span> <span class='ocrx_word' id='word_1_102' title='bbox 641 1499 803 1567; x_wconf 89' lang='lat' dir='ltr'><strong>incutiant</strong></span> <span class='ocrx_word' id='word_1_103' title='bbox 828 1501 964 1572; x_wconf 80' lang='lat' dir='ltr'><strong>rationis</strong></span> <span class='ocrx_word' id='word_1_104' title='bbox 992 1504 1127 1588; x_wconf 86' lang='lat' dir='ltr'><strong>experti-</strong></span> 
     </span>
    </p>

    <p class='ocr_par' dir='ltr' id='par_1_3' title="bbox 79 1587 1127 2025">
     <span class='ocr_line' id='line_1_16' title="bbox 79 1587 1126 1675; baseline 0.003 -21"><span class='ocrx_word' id='word_1_105' title='bbox 79 1605 104 1646; x_wconf 78' lang='lat'><strong>15</strong></span> <span class='ocrx_word' id='word_1_106' title='bbox 119 1589 194 1671; x_wconf 88' lang='lat' dir='ltr'><strong>bus,</strong></span> <span class='ocrx_word' id='word_1_107' title='bbox 231 1588 259 1654; x_wconf 86' lang='lat' dir='ltr'><strong>si</strong></span> <span class='ocrx_word' id='word_1_108' title='bbox 290 1587 398 1654; x_wconf 76' lang='lat' dir='ltr'><strong>verbis</strong></span> <span class='ocrx_word' id='word_1_109' title='bbox 431 1587 592 1673; x_wconf 73' lang='lat' dir='ltr'><strong>explicere</strong></span> <span class='ocrx_word' id='word_1_110' title='bbox 628 1607 780 1654; x_wconf 86' lang='lat' dir='ltr'><strong>conemur</strong></span> <span class='ocrx_word' id='word_1_111' title='bbox 816 1589 908 1660; x_wconf 89' lang='lat' dir='ltr'><strong>nullo</strong></span> <span class='ocrx_word' id='word_1_112' title='bbox 941 1591 1049 1675; x_wconf 86' lang='lat' dir='ltr'><strong>posito</strong></span> <span class='ocrx_word' id='word_1_113' title='bbox 1085 1592 1126 1658; x_wconf 92' lang='lat' dir='ltr'><strong>ob</strong></span> 
     </span>
     <span class='ocr_line' id='line_1_17' title="bbox 120 1675 1127 1764; baseline 0.002 -22"><span class='ocrx_word' id='word_1_114' title='bbox 120 1677 231 1742; x_wconf 89' lang='lat' dir='ltr'><strong>oeulos</strong></span> <span class='ocrx_word' id='word_1_115' title='bbox 263 1675 436 1744; x_wconf 84' lang='lat' dir='ltr'><strong>simulacro</strong></span> <span class='ocrx_word' id='word_1_116' title='bbox 470 1698 580 1743; x_wconf 87' lang='lat' dir='ltr'><strong>earnm</strong></span> <span class='ocrx_word' id='word_1_117' title='bbox 618 1697 740 1759; x_wconf 73' lang='lat' dir='ltr'><strong>rerum,</strong></span> <span class='ocrx_word' id='word_1_118' title='bbox 775 1675 900 1748; x_wconf 70' lang='lat' dir='ltr'><strong>trusus</strong></span> <span class='ocrx_word' id='word_1_119' title='bbox 931 1679 1127 1764; x_wconf 84' lang='lat' dir='ltr'><strong>suscipiatur</strong></span> 
     </span>
     <span class='ocr_line' id='line_1_18' title="bbox 119 1761 1127 1850; baseline 0.003 -21"><span class='ocrx_word' id='word_1_120' title='bbox 119 1765 221 1830; x_wconf 89' lang='lat' dir='ltr'><strong>labor.</strong></span> <span class='ocrx_word' id='word_1_121' title='bbox 267 1761 330 1830; x_wconf 76' lang='lat' dir='ltr'><strong>see</strong></span> <span class='ocrx_word' id='word_1_122' title='bbox 356 1764 436 1834; x_wconf 74' lang='lat' dir='ltr'><strong>hoec</strong></span> <span class='ocrx_word' id='word_1_123' title='bbox 469 1765 549 1830; x_wconf 84' lang='lat' dir='ltr'><strong>satis</strong></span> <span class='ocrx_word' id='word_1_124' title='bbox 577 1765 643 1832; x_wconf 89' lang='lat' dir='ltr'><strong>sint</strong></span> <span class='ocrx_word' id='word_1_125' title='bbox 673 1764 759 1832; x_wconf 84' lang='lat' dir='ltr'><strong>dicta</strong></span> <span class='ocrx_word' id='word_1_126' title='bbox 784 1765 893 1850; x_wconf 88' lang='lat' dir='ltr'><strong>nobis,</strong></span> <span class='ocrx_word' id='word_1_127' title='bbox 923 1788 1062 1850; x_wconf 79' lang='lat' dir='ltr'><strong>quaeque</strong></span> <span class='ocrx_word' id='word_1_128' title='bbox 1089 1767 1127 1834; x_wconf 83' lang='lat' dir='ltr'><strong>de</strong></span> 
     </span>
     <span class='ocr_line' id='line_1_19' title="bbox 120 1852 1127 1940; baseline 0.005 -23"><span class='ocrx_word' id='word_1_129' title='bbox 120 1853 266 1936; x_wconf 84' lang='lat' dir='ltr'><strong>deorum,</strong></span> <span class='ocrx_word' id='word_1_130' title='bbox 290 1852 346 1936; x_wconf 90' lang='lat' dir='ltr'><strong>qui</strong></span> <span class='ocrx_word' id='word_1_131' title='bbox 363 1856 539 1920; x_wconf 86' lang='lat' dir='ltr'><strong>cernuntur</strong></span> <span class='ocrx_word' id='word_1_132' title='bbox 558 1852 676 1936; x_wconf 89' lang='lat' dir='ltr'><strong>quique</strong></span> <span class='ocrx_word' id='word_1_133' title='bbox 695 1857 771 1920; x_wconf 83' lang='lat' dir='ltr'><strong>sunt</strong></span> <span class='ocrx_word' id='word_1_134' title='bbox 790 1853 869 1937; x_wconf 88' lang='lat' dir='ltr'><strong>orti,</strong></span> <span class='ocrx_word' id='word_1_135' title='bbox 895 1858 1014 1924; x_wconf 84' lang='lat' dir='ltr'><strong>natura</strong></span> <span class='ocrx_word' id='word_1_136' title='bbox 1036 1877 1127 1940; x_wconf 77' lang='lat' dir='ltr'><strong>prae</strong></span> 
     </span>
     <span class='ocr_line' id='line_1_20' title="bbox 118 1939 801 2025; baseline 0.001 -21"><span class='ocrx_word' id='word_1_137' title='bbox 118 1939 181 2008; x_wconf 81' lang='lat' dir='ltr'><strong>feei</strong></span> <span class='ocrx_word' id='word_1_138' title='bbox 204 1963 324 2025; x_wconf 85' lang='lat' dir='ltr'><strong>snmus,</strong></span> <span class='ocrx_word' id='word_1_139' title='bbox 345 1941 489 2010; x_wconf 87' lang='lat' dir='ltr'><strong>habeant</strong></span> <span class='ocrx_word' id='word_1_140' title='bbox 510 1941 596 2008; x_wconf 88' lang='lat' dir='ltr'><strong>hune</strong></span> <span class='ocrx_word' id='word_1_141' title='bbox 618 1941 801 2011; x_wconf 84' lang='lat' dir='ltr'><strong>terminum.</strong></span> 
     </span>
    </p>

    <p class='ocr_par' dir='ltr' id='par_1_4' title="bbox 7 2003 1179 2468">
     <span class='ocr_line' id='line_1_21' title="bbox 7 2003 1179 2136; baseline 0.004 -42"><span class='ocrx_word' id='word_1_142' title='bbox 7 2099 8 2104; x_wconf 52' lang='grc'>,</span> <span class='ocrx_word' id='word_1_143' title='bbox 79 2047 105 2087; x_wconf 81' lang='lat' dir='ltr'><strong>ro</strong></span> <span class='ocrx_word' id='word_1_144' title='bbox 185 2027 396 2114; x_wconf 80' lang='lat' dir='ltr'><strong>Reliquorum</strong></span> <span class='ocrx_word' id='word_1_145' title='bbox 411 2033 529 2113; x_wconf 62' lang='lat' dir='ltr'><strong>subm,</strong></span> <span class='ocrx_word' id='word_1_146' title='bbox 543 2049 624 2115; x_wconf 88' lang='lat' dir='ltr'><strong>quos</strong></span> <span class='ocrx_word' id='word_1_147' title='bbox 640 2027 755 2095; x_wconf 82' lang='lat' dir='ltr'><strong>Graeci</strong></span> <span class='ocrx_word' id='word_1_148' title='bbox 769 2029 931 2112; x_wconf 74' lang='grc' dir='ltr'><strong><em>δαίμονας</em></strong></span> <span class='ocrx_word' id='word_1_149' title='bbox 949 2029 1125 2114; x_wconf 84' lang='lat' dir='ltr'><strong>appellent,</strong></span> <span class='ocrx_word' id='word_1_150' title='bbox 1139 2003 1179 2136; x_wconf 49' lang='lat' dir='ltr'><strong>1ss</strong></span> 
     </span>
     <span class='ocr_line' id='line_1_22' title="bbox 119 2089 1161 2202; baseline 0.004 -20"><span class='ocrx_word' id='word_1_151' title='bbox 119 2117 238 2201; x_wconf 86' lang='lat' dir='ltr'><strong>nostri,</strong></span> <span class='ocrx_word' id='word_1_152' title='bbox 266 2118 394 2202; x_wconf 79' lang='lat' dir='ltr'><strong>opiner,</strong></span> <span class='ocrx_word' id='word_1_153' title='bbox 423 2117 537 2202; x_wconf 81' lang='lat' dir='ltr'><strong>Lares,</strong></span> <span class='ocrx_word' id='word_1_154' title='bbox 564 2116 716 2186; x_wconf 80' lang='lat' dir='ltr'><strong>simodo</strong></span> <span class='ocrx_word' id='word_1_155' title='bbox 741 2115 803 2188; x_wconf 80' lang='lat' dir='ltr'><strong>hun</strong></span> <span class='ocrx_word' id='word_1_156' title='bbox 826 2120 913 2188; x_wconf 83' lang='lat' dir='ltr'><strong>reete</strong></span> <span class='ocrx_word' id='word_1_157' title='bbox 935 2121 1127 2186; x_wconf 72' lang='lat' dir='ltr'><strong>conuersum</strong></span> <span class='ocrx_word' id='word_1_158' title='bbox 1146 2089 1161 2137; x_wconf 72' lang='lat'>³</span> 
     </span>
     <span class='ocr_line' id='line_1_23' title="bbox 119 2205 1126 2290; baseline -0.001 -18"><span class='ocrx_word' id='word_1_159' title='bbox 119 2205 222 2274; x_wconf 85' lang='lat' dir='ltr'><strong>videri</strong></span> <span class='ocrx_word' id='word_1_160' title='bbox 240 2209 359 2290; x_wconf 84' lang='lat' dir='ltr'><strong>potest,</strong></span> <span class='ocrx_word' id='word_1_161' title='bbox 381 2210 414 2272; x_wconf 85' lang='lat' dir='ltr'><strong>et</strong></span> <span class='ocrx_word' id='word_1_162' title='bbox 432 2227 528 2276; x_wconf 82' lang='lat' dir='ltr'><strong>nosse</strong></span> <span class='ocrx_word' id='word_1_163' title='bbox 542 2208 576 2276; x_wconf 85' lang='lat' dir='ltr'><strong>et</strong></span> <span class='ocrx_word' id='word_1_164' title='bbox 590 2205 759 2275; x_wconf 78' lang='lat' dir='ltr'><strong>enuntirre</strong></span> <span class='ocrx_word' id='word_1_165' title='bbox 772 2209 881 2276; x_wconf 74' lang='lat' dir='ltr'><strong>cuturn</strong></span> <span class='ocrx_word' id='word_1_166' title='bbox 895 2219 1007 2276; x_wconf 84' lang='lat' dir='ltr'><strong>eorum</strong></span> <span class='ocrx_word' id='word_1_167' title='bbox 1021 2206 1126 2276; x_wconf 80' lang='lat' dir='ltr'><strong>maius</strong></span> 
     </span>
     <span class='ocr_line' id='line_1_24' title="bbox 120 2293 1127 2380; baseline 0.004 -22"><span class='ocrx_word' id='word_1_168' title='bbox 120 2297 180 2378; x_wconf 81' lang='lat' dir='ltr'><strong>est,</strong></span> <span class='ocrx_word' id='word_1_169' title='bbox 203 2315 300 2378; x_wconf 83' lang='lat' dir='ltr'><strong>qnam</strong></span> <span class='ocrx_word' id='word_1_170' title='bbox 318 2298 356 2360; x_wconf 87' lang='lat' dir='ltr'><strong>nt</strong></span> <span class='ocrx_word' id='word_1_171' title='bbox 374 2295 520 2380; x_wconf 82' lang='lat' dir='ltr'><strong>profiteri</strong></span> <span class='ocrx_word' id='word_1_172' title='bbox 537 2314 597 2360; x_wconf 89' lang='lat' dir='ltr'><strong>nos</strong></span> <span class='ocrx_word' id='word_1_173' title='bbox 618 2294 757 2365; x_wconf 81' lang='lat' dir='ltr'><strong>scribere</strong></span> <span class='ocrx_word' id='word_1_174' title='bbox 776 2294 958 2364; x_wconf 77' lang='lat' dir='ltr'><strong>audeamus.</strong></span> <span class='ocrx_word' id='word_1_175' title='bbox 991 2293 1127 2362; x_wconf 75' lang='lat' dir='ltr'><strong>Creden-</strong></span> 
     </span>
     <span class='ocr_line' id='line_1_25' title="bbox 120 2382 1127 2468; baseline 0.003 -21"><span class='ocrx_word' id='word_1_176' title='bbox 120 2383 197 2449; x_wconf 83' lang='lat' dir='ltr'><strong>dum</strong></span> <span class='ocrx_word' id='word_1_177' title='bbox 220 2382 374 2452; x_wconf 86' lang='lat' dir='ltr'><strong>nimirum</strong></span> <span class='ocrx_word' id='word_1_178' title='bbox 396 2387 447 2450; x_wconf 86' lang='lat' dir='ltr'><strong>est</strong></span> <span class='ocrx_word' id='word_1_179' title='bbox 470 2382 633 2452; x_wconf 84' lang='lat' dir='ltr'><strong>veteribus</strong></span> <span class='ocrx_word' id='word_1_180' title='bbox 657 2386 690 2454; x_wconf 86' lang='lat' dir='ltr'><strong>et</strong></span> <span class='ocrx_word' id='word_1_181' title='bbox 712 2383 837 2468; x_wconf 78' lang='lat' dir='ltr'><strong>priscis,</strong></span> <span class='ocrx_word' id='word_1_182' title='bbox 860 2386 896 2451; x_wconf 89' lang='lat' dir='ltr'><strong>ut</strong></span> <span class='ocrx_word' id='word_1_183' title='bbox 915 2383 1017 2467; x_wconf 81' lang='lat' dir='ltr'><strong>aiunt,</strong></span> <span class='ocrx_word' id='word_1_184' title='bbox 1039 2383 1127 2467; x_wconf 87' lang='lat' dir='ltr'><strong>viris,</strong></span> 
     </span>
    </p>

    <p class='ocr_par' dir='ltr' id='par_1_5' title="bbox 79 2470 1128 2906">
     <span class='ocr_line' id='line_1_26' title="bbox 79 2470 1127 2557; baseline 0.006 -23"><span class='ocrx_word' id='word_1_185' title='bbox 79 2487 106 2528; x_wconf 79' lang='lat' dir='ltr'><strong>ss</strong></span> <span class='ocrx_word' id='word_1_186' title='bbox 121 2471 177 2555; x_wconf 87' lang='lat' dir='ltr'><strong>qni</strong></span> <span class='ocrx_word' id='word_1_187' title='bbox 201 2491 234 2536; x_wconf 85' lang='lat' dir='ltr'><strong>sc</strong></span> <span class='ocrx_word' id='word_1_188' title='bbox 257 2471 446 2557; x_wconf 84' lang='lat' dir='ltr'><strong>progeniem</strong></span> <span class='ocrx_word' id='word_1_189' title='bbox 465 2471 598 2540; x_wconf 81' lang='lat' dir='ltr'><strong>deorum</strong></span> <span class='ocrx_word' id='word_1_190' title='bbox 617 2491 687 2540; x_wconf 79' lang='lat' dir='ltr'><strong>esee</strong></span> <span class='ocrx_word' id='word_1_191' title='bbox 706 2470 869 2554; x_wconf 62' lang='lat' dir='ltr'><strong>beebsnt,</strong></span> <span class='ocrx_word' id='word_1_192' title='bbox 892 2471 1001 2554; x_wconf 72' lang='lat' dir='ltr'><strong>itaque</strong></span> <span class='ocrx_word' id='word_1_193' title='bbox 1016 2493 1127 2540; x_wconf 86' lang='lat' dir='ltr'><strong>eorum</strong></span> 
     </span>
     <span class='ocr_line' id='line_1_27' title="bbox 119 2556 1126 2645; baseline -0.002 -19"><span class='ocrx_word' id='word_1_194' title='bbox 119 2559 280 2627; x_wconf 77' lang='lat' dir='ltr'><strong>vocabule</strong></span> <span class='ocrx_word' id='word_1_195' title='bbox 301 2559 395 2626; x_wconf 89' lang='lat' dir='ltr'><strong>nobis</strong></span> <span class='ocrx_word' id='word_1_196' title='bbox 413 2558 633 2644; x_wconf 76' lang='lat' dir='ltr'><strong>prouiderunt.</strong></span> <span class='ocrx_word' id='word_1_197' title='bbox 665 2556 772 2626; x_wconf 88' lang='lat' dir='ltr'><strong>Nosse</strong></span> <span class='ocrx_word' id='word_1_198' title='bbox 791 2562 900 2630; x_wconf 83' lang='lat' dir='ltr'><strong>eutem</strong></span> <span class='ocrx_word' id='word_1_199' title='bbox 919 2563 1126 2645; x_wconf 76' lang='lat' dir='ltr'><strong>generatores</strong></span> 
     </span>
     <span class='ocr_line' id='line_1_28' title="bbox 120 2645 1127 2732; baseline 0.002 -20"><span class='ocrx_word' id='word_1_200' title='bbox 120 2667 196 2714; x_wconf 87' lang='lat' dir='ltr'><strong>suos</strong></span> <span class='ocrx_word' id='word_1_201' title='bbox 220 2646 343 2732; x_wconf 86' lang='lat' dir='ltr'><strong>optime</strong></span> <span class='ocrx_word' id='word_1_202' title='bbox 362 2651 523 2732; x_wconf 84' lang='lat' dir='ltr'><strong>poterant,</strong></span> <span class='ocrx_word' id='word_1_203' title='bbox 544 2669 581 2716; x_wconf 84' lang='lat' dir='ltr'><strong>ec</strong></span> <span class='ocrx_word' id='word_1_204' title='bbox 598 2645 731 2718; x_wconf 73' lang='lat' dir='ltr'><strong>difficile</strong></span> <span class='ocrx_word' id='word_1_205' title='bbox 748 2645 838 2718; x_wconf 81' lang='lat' dir='ltr'><strong>factu</strong></span> <span class='ocrx_word' id='word_1_206' title='bbox 856 2650 907 2716; x_wconf 86' lang='lat' dir='ltr'><strong>est</strong></span> <span class='ocrx_word' id='word_1_207' title='bbox 925 2669 944 2716; x_wconf 89' lang='lat' dir='ltr'><strong>e</strong></span> <span class='ocrx_word' id='word_1_208' title='bbox 964 2647 1031 2716; x_wconf 85' lang='lat' dir='ltr'><strong>dois</strong></span> <span class='ocrx_word' id='word_1_209' title='bbox 1046 2648 1127 2717; x_wconf 85' lang='lat' dir='ltr'><strong>ortis</strong></span> 
     </span>
     <span class='ocr_line' id='line_1_29' title="bbox 119 2734 1128 2820; baseline 0 -20"><span class='ocrx_word' id='word_1_210' title='bbox 119 2734 217 2802; x_wconf 89' lang='lat' dir='ltr'><strong>fidem</strong></span> <span class='ocrx_word' id='word_1_211' title='bbox 239 2757 306 2804; x_wconf 83' lang='lat' dir='ltr'><strong>non</strong></span> <span class='ocrx_word' id='word_1_212' title='bbox 326 2734 457 2820; x_wconf 84' lang='lat' dir='ltr'><strong>hebere,</strong></span> <span class='ocrx_word' id='word_1_213' title='bbox 478 2755 675 2820; x_wconf 79' lang='lat' dir='ltr'><strong>quemquern</strong></span> <span class='ocrx_word' id='word_1_214' title='bbox 697 2755 756 2802; x_wconf 89' lang='lat' dir='ltr'><strong>noe</strong></span> <span class='ocrx_word' id='word_1_215' title='bbox 779 2734 979 2818; x_wconf 86' lang='lat' dir='ltr'><strong>ergumentis</strong></span> <span class='ocrx_word' id='word_1_216' title='bbox 1001 2755 1061 2803; x_wconf 83' lang='lat' dir='ltr'><strong>nec</strong></span> <span class='ocrx_word' id='word_1_217' title='bbox 1079 2757 1128 2801; x_wconf 87' lang='lat' dir='ltr'><strong>re·</strong></span> 
     </span>
     <span class='ocr_line' id='line_1_30' title="bbox 119 2822 1128 2906; baseline 0 -18"><span class='ocrx_word' id='word_1_218' title='bbox 119 2822 265 2890; x_wconf 84' lang='lat' dir='ltr'><strong>tionibus</strong></span> <span class='ocrx_word' id='word_1_219' title='bbox 289 2823 386 2892; x_wconf 80' lang='lat' dir='ltr'><strong>certis</strong></span> <span class='ocrx_word' id='word_1_220' title='bbox 409 2845 519 2892; x_wconf 84' lang='lat' dir='ltr'><strong>sorum</strong></span> <span class='ocrx_word' id='word_1_221' title='bbox 544 2822 649 2894; x_wconf 87' lang='lat' dir='ltr'><strong>oratio</strong></span> <span class='ocrx_word' id='word_1_222' title='bbox 672 2822 896 2906; x_wconf 58' lang='lat' dir='ltr'><strong>confirmatum</strong></span> <span class='ocrx_word' id='word_1_223' title='bbox 920 2822 976 2888; x_wconf 84' lang='lat' dir='ltr'><strong>sed</strong></span> <span class='ocrx_word' id='word_1_224' title='bbox 994 2823 1071 2906; x_wconf 87' lang='lat' dir='ltr'><strong>quia</strong></span> <span class='ocrx_word' id='word_1_225' title='bbox 1090 2823 1128 2888; x_wconf 88' lang='lat' dir='ltr'><strong>de</strong></span> 
     </span>
    </p>

    <p class='ocr_par' dir='ltr' id='par_1_6' title="bbox 79 2911 1181 3350">
     <span class='ocr_line' id='line_1_31' title="bbox 79 2911 1127 2997; baseline 0.004 -23"><span class='ocrx_word' id='word_1_226' title='bbox 79 2925 106 2968; x_wconf 72' lang='grc' dir='ltr'><em>ω</em></span> <span class='ocrx_word' id='word_1_227' title='bbox 120 2911 188 2976; x_wconf 89' lang='lat' dir='ltr'><strong>suis</strong></span> <span class='ocrx_word' id='word_1_228' title='bbox 213 2911 326 2994; x_wconf 89' lang='lat' dir='ltr'><strong>[notis]</strong></span> <span class='ocrx_word' id='word_1_229' title='bbox 350 2913 446 2977; x_wconf 87' lang='lat' dir='ltr'><strong>rebus</strong></span> <span class='ocrx_word' id='word_1_230' title='bbox 468 2911 618 2978; x_wconf 84' lang='lat' dir='ltr'><strong>videntur</strong></span> <span class='ocrx_word' id='word_1_231' title='bbox 640 2911 744 2995; x_wconf 87' lang='lat' dir='ltr'><strong>loqui,</strong></span> <span class='ocrx_word' id='word_1_232' title='bbox 767 2911 870 2978; x_wconf 86' lang='lat' dir='ltr'><strong>veteri</strong></span> <span class='ocrx_word' id='word_1_233' title='bbox 892 2911 959 2997; x_wconf 85' lang='lat' dir='ltr'><strong>leg-i</strong></span> <span class='ocrx_word' id='word_1_234' title='bbox 982 2911 1127 2996; x_wconf 82' lang='lat' dir='ltr'><strong>merique</strong></span> 
     </span>
     <span class='ocr_line' id='line_1_32' title="bbox 118 2998 1181 3086; baseline -0.005 -15"><span class='ocrx_word' id='word_1_235' title='bbox 118 2999 299 3084; x_wconf 81' lang='lat' dir='ltr'><strong>parandum</strong></span> <span class='ocrx_word' id='word_1_236' title='bbox 330 3005 389 3068; x_wconf 82' lang='lat' dir='ltr'><strong>est.</strong></span> <span class='ocrx_word' id='word_1_237' title='bbox 434 2998 486 3068; x_wconf 85' lang='lat' dir='ltr'><strong>Sic</strong></span> <span class='ocrx_word' id='word_1_238' title='bbox 517 3001 631 3086; x_wconf 87' lang='lat' dir='ltr'><strong>igitur,</strong></span> <span class='ocrx_word' id='word_1_239' title='bbox 668 3003 705 3064; x_wconf 88' lang='lat' dir='ltr'><strong>ut</strong></span> <span class='ocrx_word' id='word_1_240' title='bbox 737 2999 778 3064; x_wconf 91' lang='lat' dir='ltr'><strong>ab</strong></span> <span class='ocrx_word' id='word_1_241' title='bbox 810 2999 850 3070; x_wconf 83' lang='lat' dir='ltr'><strong>iis</strong></span> <span class='ocrx_word' id='word_1_242' title='bbox 882 3003 934 3069; x_wconf 82' lang='lat' dir='ltr'><strong>est</strong></span> <span class='ocrx_word' id='word_1_243' title='bbox 961 2999 1127 3084; x_wconf 74' lang='lat' dir='ltr'><strong>uetitum,</strong></span> <span class='ocrx_word' id='word_1_244' title='bbox 1146 3017 1181 3066; x_wconf 82' lang='lat' dir='ltr'><strong>ee</strong></span> 
     </span>
     <span class='ocr_line' id='line_1_33' title="bbox 118 3086 1127 3172; baseline 0.002 -18"><span class='ocrx_word' id='word_1_245' title='bbox 118 3089 237 3156; x_wconf 85' lang='lat' dir='ltr'><strong>horum</strong></span> <span class='ocrx_word' id='word_1_246' title='bbox 260 3089 393 3158; x_wconf 85' lang='lat' dir='ltr'><strong>deorum</strong></span> <span class='ocrx_word' id='word_1_247' title='bbox 417 3093 507 3158; x_wconf 87' lang='lat' dir='ltr'><strong>ortus</strong></span> <span class='ocrx_word' id='word_1_248' title='bbox 525 3089 685 3157; x_wconf 84' lang='lat' dir='ltr'><strong>habeatur</strong></span> <span class='ocrx_word' id='word_1_249' title='bbox 703 3091 803 3172; x_wconf 85' lang='lat' dir='ltr'><strong>atque</strong></span> <span class='ocrx_word' id='word_1_250' title='bbox 821 3088 956 3172; x_wconf 65' lang='lat' dir='ltr'><strong>natur,</strong></span> <span class='ocrx_word' id='word_1_251' title='bbox 978 3091 1015 3153; x_wconf 91' lang='lat' dir='ltr'><strong>nt</strong></span> <span class='ocrx_word' id='word_1_252' title='bbox 1029 3086 1127 3156; x_wconf 88' lang='lat' dir='ltr'><strong>Ocea·</strong></span> 
     </span>
     <span class='ocr_line' id='line_1_34' title="bbox 117 3174 1128 3264; baseline -0.002 -22"><span class='ocrx_word' id='word_1_253' title='bbox 117 3198 198 3244; x_wconf 90' lang='lat' dir='ltr'><strong>num</strong></span> <span class='ocrx_word' id='word_1_254' title='bbox 220 3175 445 3264; x_wconf 83' lang='lat' dir='ltr'><strong>Salaciamque</strong></span> <span class='ocrx_word' id='word_1_255' title='bbox 468 3175 559 3245; x_wconf 78' lang='lat' dir='ltr'><strong>Caeli</strong></span> <span class='ocrx_word' id='word_1_256' title='bbox 585 3180 660 3243; x_wconf 83' lang='lat' dir='ltr'><strong>satu</strong></span> <span class='ocrx_word' id='word_1_257' title='bbox 683 3174 865 3261; x_wconf 75' lang='lat' dir='ltr'><strong>Terraeque</strong></span> <span class='ocrx_word' id='word_1_258' title='bbox 895 3178 1052 3260; x_wconf 78' lang='lat' dir='ltr'><strong>conceptu</strong></span> <span class='ocrx_word' id='word_1_259' title='bbox 1076 3195 1128 3261; x_wconf 77' lang='lat' dir='ltr'><strong>ge</strong></span> 
     </span>
     <span class='ocr_line' id='line_1_35' title="bbox 118 3259 1128 3350; baseline 0.002 -21"><span class='ocrx_word' id='word_1_260' title='bbox 118 3270 250 3332; x_wconf 84' lang='lat' dir='ltr'><strong>neretos</strong></span> <span class='ocrx_word' id='word_1_261' title='bbox 280 3266 446 3350; x_wconf 87' lang='lat' dir='ltr'><strong>editosque</strong></span> <span class='ocrx_word' id='word_1_262' title='bbox 478 3285 706 3347; x_wconf 71' lang='lat' dir='ltr'><strong>memoremru,</strong></span> <span class='ocrx_word' id='word_1_263' title='bbox 738 3285 777 3333; x_wconf 78' lang='lat' dir='ltr'><strong>er</strong></span> <span class='ocrx_word' id='word_1_264' title='bbox 804 3259 858 3332; x_wconf 83' lang='lat' dir='ltr'><strong>his</strong></span> <span class='ocrx_word' id='word_1_265' title='bbox 885 3261 1063 3330; x_wconf 75' lang='lat' dir='ltr'><strong>Saturnum</strong></span> <span class='ocrx_word' id='word_1_266' title='bbox 1095 3267 1128 3331; x_wconf 91' lang='lat' dir='ltr'><strong>et</strong></span> 
     </span>
    </p>

    <p class='ocr_par' dir='ltr' id='par_1_7' title="bbox 74 3351 1129 3616">
     <span class='ocr_line' id='line_1_36' title="bbox 74 3351 1129 3438; baseline -0.001 -19"><span class='ocrx_word' id='word_1_267' title='bbox 74 3369 103 3410; x_wconf 73' lang='lat'><strong>⁸⁵</strong></span> <span class='ocrx_word' id='word_1_268' title='bbox 118 3352 235 3438; x_wconf 86' lang='lat' dir='ltr'><strong>Opem,</strong></span> <span class='ocrx_word' id='word_1_269' title='bbox 259 3353 407 3438; x_wconf 88' lang='lat' dir='ltr'><strong>deinceps</strong></span> <span class='ocrx_word' id='word_1_270' title='bbox 431 3352 542 3420; x_wconf 88' lang='lat' dir='ltr'><strong>Iovem</strong></span> <span class='ocrx_word' id='word_1_271' title='bbox 566 3358 663 3438; x_wconf 88' lang='lat' dir='ltr'><strong>atque</strong></span> <span class='ocrx_word' id='word_1_272' title='bbox 685 3351 852 3437; x_wconf 82' lang='lat' dir='ltr'><strong>Iunonem,</strong></span> <span class='ocrx_word' id='word_1_273' title='bbox 874 3353 1032 3437; x_wconf 83' lang='lat' dir='ltr'><strong>reliquos,</strong></span> <span class='ocrx_word' id='word_1_274' title='bbox 1053 3372 1129 3434; x_wconf 84' lang='lat' dir='ltr'><strong>quos</strong></span> 
     </span>
     <span class='ocr_line' id='line_1_37' title="bbox 117 3440 1128 3529; baseline -0.004 -21"><span class='ocrx_word' id='word_1_275' title='bbox 117 3440 238 3508; x_wconf 83' lang='lat' dir='ltr'><strong>fratres</strong></span> <span class='ocrx_word' id='word_1_276' title='bbox 261 3441 346 3508; x_wconf 88' lang='lat' dir='ltr'><strong>inter</strong></span> <span class='ocrx_word' id='word_1_277' title='bbox 370 3463 404 3508; x_wconf 85' lang='lat' dir='ltr'><strong>ee</strong></span> <span class='ocrx_word' id='word_1_278' title='bbox 433 3445 634 3529; x_wconf 82' lang='lat' dir='ltr'><strong>agnatosque</strong></span> <span class='ocrx_word' id='word_1_279' title='bbox 661 3441 813 3526; x_wconf 78' lang='lat' dir='ltr'><strong>usurpari</strong></span> <span class='ocrx_word' id='word_1_280' title='bbox 843 3445 941 3526; x_wconf 85' lang='lat' dir='ltr'><strong>atque</strong></span> <span class='ocrx_word' id='word_1_281' title='bbox 969 3441 1128 3526; x_wconf 82' lang='lat' dir='ltr'><strong>appellari</strong></span> 
     </span>
     <span class='ocr_line' id='line_1_38' title="bbox 116 3529 1128 3616; baseline -0.004 -20"><span class='ocrx_word' id='word_1_282' title='bbox 116 3529 274 3612; x_wconf 81' lang='lat' dir='ltr'><strong>videmus,</strong></span> <span class='ocrx_word' id='word_1_283' title='bbox 298 3533 330 3596; x_wconf 85' lang='lat' dir='ltr'><strong>et</strong></span> <span class='ocrx_word' id='word_1_284' title='bbox 344 3551 464 3616; x_wconf 85' lang='lat' dir='ltr'><strong>corum,</strong></span> <span class='ocrx_word' id='word_1_285' title='bbox 482 3534 519 3597; x_wconf 92' lang='lat' dir='ltr'><strong>ut</strong></span> <span class='ocrx_word' id='word_1_286' title='bbox 533 3534 663 3600; x_wconf 80' lang='lat' dir='ltr'><strong>utemur</strong></span> <span class='ocrx_word' id='word_1_287' title='bbox 676 3533 787 3598; x_wconf 78' lang='lat' dir='ltr'><strong>vetere</strong></span> <span class='ocrx_word' id='word_1_288' title='bbox 804 3530 912 3610; x_wconf 83' lang='lat' dir='ltr'><strong>verbo,</strong></span> <span class='ocrx_word' id='word_1_289' title='bbox 931 3529 1128 3616; x_wconf 85' lang='lat' dir='ltr'><strong>prosapiem.</strong></span> 
     </span>
    </p>

    <p class='ocr_par' dir='ltr' id='par_1_8' title="bbox 171 3638 967 3687">
     <span class='ocr_line' id='line_1_39' title="bbox 171 3638 967 3687; baseline 0.014 -5"><span class='ocrx_word' id='word_1_290' title='bbox 171 3641 280 3685; x_wconf 87' lang='lat' dir='ltr'><strong>n1c.1v.</strong></span> <span class='ocrx_word' id='word_1_291' title='bbox 295 3643 313 3684; x_wconf 87' lang='lat' dir='ltr'><strong>e.</strong></span> <span class='ocrx_word' id='word_1_292' title='bbox 935 3638 967 3687; x_wconf 79' lang='lat' dir='ltr'><strong>lo</strong></span> 
     </span>
    </p>
   </div>
   <div class='ocr_carea' id='block_1_3' title="bbox 0 0 1296 3950">
    <p class='ocr_par' dir='ltr' id='par_1_9' title="bbox 0 0 1296 3950">
     <span class='ocr_line' id='line_1_40' title="bbox 0 0 1296 3950; baseline 0 0"><span class='ocrx_word' id='word_1_293' title='bbox 0 0 1296 3950; x_wconf 95' lang='lat' dir='ltr'><strong> </strong></span> 
     </span>
    </p>
   </div>
  </div>
 </body>
</html>
