2504 3950
162 196 226 261 126
415 205 417 212 ·
553 191 602 246 ou
621 189 772 246 osricus

162 360 293 442 accepta
310 358 362 420 est
383 351 533 418 hostibus
557 351 692 418 deditus.
736 351 916 418 Honestius
937 352 991 418 hio
1013 357 1112 436 qu'am
1130 349 1165 426 Q.

160 444 342 528 Pompeius,
365 461 439 526 quo,
461 463 535 507 oum
557 441 592 506 in
615 439 727 505 eadem
745 461 844 506 eausa
862 444 957 523 esset,
975 439 1166 524 deprecante

161 535 293 616 aoeepto
315 531 368 595 lex
390 550 456 594 non
478 532 537 593 est.
571 526 646 593 ¹Hie
668 530 716 612 ea,
739 549 822 611 quae
840 528 1011 594 videbatur
1029 527 1166 610 utilitas,

161 620 235 704 plus
258 618 364 684 valuit
386 639 483 700 quam
505 616 674 699 honestas,
698 615 784 700 apud
808 615 990 701 superiores
1011 615 1166 680 utilitatis

162 707 283 860 spicios
305 705 446 858 sallem
465 703 647 856 hpnestatis
666 703 1033 856 aubtopitatzsupprata
1046 707 1166 805 ests·-
1190 723 1202 762 ι
1236 713 1237 744 l

110 812 161 862 110
244 815 311 859 non
350 815 367 857 e
457 813 566 858 raum
585 812 655 857 esse
709 810 751 856 uo
794 813 849 856 era
883 813 921 856 ae
959 812 992 856 m
1037 811 1074 856 er
1092 813 1167 856 vum.

164 919 201 930 -
228 881 427 957 Quasi'vero
449 878 530 944 lorti
556 879 627 945 viro
649 813 709 944 iiil
724 879 831 964 possit
853 814 1074 945 adhiberip-
1104 877 1167 944 Cur
1236 863 1237 944 l

160 971 263 1056 igitur
285 969 497 1068 adsonatum
520 965 794 1051 proficiscebatur,
816 966 1109 1068 cumpraesertim
1131 967 1168 1031 de

160 1053 1096 1230 ttt¹ttltlttt5¹¹⁸ttz⁰tmtutatust?
1112 1058 1168 1207 tt
1181 1160 1204 1199 ι

162 1233 304 1318 suscepit
326 1234 470 1314 oausam,
502 1234 540 1296 ut
566 1235 653 1295 esset
679 1229 831 1296 iudicium
856 1235 1003 1312 senatus3
1030 1229 1084 1295 oui
1107 1230 1169 1295 nisi
1236 1271 1237 1278 ι

75 1345 82 1358 ·
160 1322 230 1406 ipse
254 1324 366 1386 auctor
387 1319 513 1404 fuisset,
536 1318 657 1404 captivi
679 1317 826 1404 profecto
848 1315 966 1384 Poenis
983 1317 1107 1383 redditi
1125 1339 1169 1384 es·

161 1413 246 1494 sent3
268 1410 317 1474 ita
334 1407 506 1473 incolumis
524 1407 559 1472 in
577 1405 686 1491 patria
698 1404 844 1493 Regulus
860 1406 1044 1472 restitisset.
1075 1403 1170 1482 Quod
1236 1419 1237 1454 ³

162 1499 237 1581 quia
259 1495 385 1582 patriae
407 1516 473 1560 uon
495 1494 576 1558 utile
598 1493 741 1579 putavit,
765 1493 884 1560 ideireo
907 1493 971 1559 sibi
992 1494 1168 1560 honestum

161 1590 194 1650 et
217 1584 336 1649 sentire
358 1583 418 1647 illa
436 1585 469 1647 et
486 1581 557 1667 pati
574 1580 718 1646 eredidit.
758 1580 845 1646 Nam
861 1581 948 1666 quod
962 1581 1062 1666 aiunt,
1082 1581 1170 1667 quod
1183 1598 1203 1638 ¹⁵

160 1673 254 1738 valde
271 1671 353 1736 utile
371 1669 424 1753 sit,
445 1668 480 1733 id
497 1669 569 1734 fieri
585 1669 768 1753 honestum,
788 1670 888 1734 immo
906 1690 985 1734 vero
1002 1690 1084 1754 esse,
1104 1691 1170 1736 nou

160 1759 238 1824 fieri.
274 1757 336 1823 Est
359 1757 444 1822 enim
466 1755 549 1821 nihil
567 1756 657 1840 utile,
680 1758 765 1840 quod
787 1757 872 1822 idem
896 1778 963 1822 non
984 1757 1169 1841 honestum,

160 1868 227 1931 neo,
249 1847 326 1931 quia
347 1845 438 1929 utile,
460 1845 647 1928 honestum,
677 1844 745 1928 sed,
769 1845 845 1928 quia
866 1844 1055 1928 honestum,
1076 1846 1169 1912 utile.

161 1934 266 2010 Quare
289 1957 328 2000 ex
348 1933 461 1999 multis
480 1933 684 1998 mirabilibus
704 1933 860 2018 exemplis
878 1931 966 1998 haud
982 1931 1081 1998 facile
1095 1933 1169 2018 quis

109 2090 148 2154 31
160 2024 277 2096 dixerit
298 2022 360 2088 hoo
379 2022 525 2105 exemplo
553 2024 610 2086 aut
636 2019 833 2121 laudabilius
855 2025 914 2086 aut
933 2023 1169 2122 praestantius.
1182 2037 1205 2077 ιο

108 2107 791 2280 mittuttuttelstet
807 2107 1012 2262 illidii?
1032 2109 1168 2262 titt

159 2283 355 2369 Nam-quod
377 2282 486 2366 rediit,
517 2283 611 2348 nobis
639 2304 723 2349 nuno
750 2282 899 2349 mirabile
925 2283 1067 2368 videtur,
1088 2285 1169 2350 -illis

161 2372 289 2457 quidem
316 2371 518 2454 temporibus
546 2370 643 2436 aliter
672 2371 779 2437 lacere
805 2393 885 2443 non,
902 2372 1024 2456 potuit3
1055 2373 1169 2457 itaque

160 2462 225 2526 ista
253 2461 325 2525 laus
351 2461 495 2524 nonest
521 2458 683 2543 hominis,¹
708 2459 764 2524 sed
791 2463 983 2544 temporum.
1028 2457 1168 2526 Nullum
1181 2476 1203 2517 2⁵
1236 2501 1237 2518 ι

161 2548 246 2613 enim
259 2547 423 2613 vinculum
437 2545 478 2612 ad
492 2547 712 2632 astrigendam
723 2546 820 2612 fidem
833 2548 903 2612 iure
916 2547 1053 2613 iurando
1068 2549 1168 2616 maie
1236 2521 1237 2568 ι

160 2657 211 2701 res
226 2635 329 2700 artius
342 2655 413 2700 esse
426 2633 607 2700 voluerunt.
634 2634 673 2698 Id
686 2635 831 2700 indicant
843 2636 932 2722 leges
950 2635 986 2701 in
998 2635 1168 2704 duodecim

160 2724 296 2808 tabulis,
326 2723 471 2789 indicant
503 2726 648 2789 saeratae
655 2767 669 2806 ,κ
695 2722 840 2789 indicant
869 2723 1015 2808 foedera,
1048 2724 1167 2807 quibus

160 2813 259 2877 etiam
286 2833 359 2878 oum
385 2810 480 2877 hoste
513 2809 692 2875 devincitur
718 2809 814 2894 fides,
841 2811 986 2876 indicant
1016 2812 1167 2878 notiones

116 2943 120 2950 =
161 2898 518 2982 animadversionesque
545 2919 728 2983 censorum,
760 2899 816 2982 qui
847 2899 938 2964 nulla
966 2898 1004 2963 de
1032 2921 1068 2964 re
1096 2899 1204 2965 dili-³⁰
1236 2905 1237 2978 l

109 3001 158 3052 ιιι
174 2988 302 3073 gentius
326 3008 423 3072 quam
446 2987 485 3051 de
507 2986 575 3052 iure
597 2985 733 3052 iurando
756 2985 951 3052 iudicabant
983 2985 1019 3054 L.
1041 2985 1167 3052 Manlio
1236 2995 1237 3066 l

159 3076 199 3140 A.
220 3075 253 3160 f.,
269 3079 348 3142 'eum
372 3074 512 3140 dictator
533 3073 658 3158 fuisset,
680 3071 724 3138 M.
740 3072 939 3158 Pomponius
957 3077 999 3139 tr.
1017 3074 1062 3160 pl.
1080 3074 1166 3140 diem
1236 3079 1237 3150 l

160 3163 250 3247 dixit,
273 3162 358 3246 quod
375 3163 405 3227 is
423 3182 542 3247 pausos
561 3161 625 3226 sibi
639 3161 707 3227 dies
721 3162 763 3226 ad
777 3161 972 3228 dictaturam
990 3163 1167 3248 gerendam
1236 3151 1237 3220 l

160 3249 349 3334 addidisset3
372 3249 605 3315 oriminabatur
623 3250 731 3334 etiam,
750 3250 836 3332 quod
850 3248 960 3316 'litum
977 3250 1091 3335 filium,
1110 3249 1166 3334 qni
1236 3221 1237 3288 l

159 3340 273 3421 postea
296 3341 346 3402 est
368 3336 552 3422 Torquatus
580 3338 778 3422 appellatus,
806 3339 847 3403 ab
874 3337 1060 3404 hominibus
1077 3336 1165 3402 rele-
1179 3351 1204 3395 ιι

161 3427 271 3508 gasset
289 3427 323 3487 et
344 3424 412 3488 ruri
430 3424 580 3490 habitare
597 3426 754 3490 iussisset.
787 3425 878 3501 Quod
897 3448 968 3492 oum
988 3425 1166 3491 audivisset
1236 3437 1237 3448 ¹

160 3510 346 3576 adulescens
368 3511 469 3594 filius,
496 3512 664 3596 negotium
688 3513 831 3578 exhiberi
857 3513 959 3598 patri,
988 3513 1165 3580 accurrisse
