2578 3950
158 173 224 241 222
582 173 743 230 TJMAEUS

158 335 403 404 accommodans
418 337 602 422 copulabat
633 333 686 402 Sic
701 336 827 406 enimus
848 335 986 402 emedio
1000 336 1170 422 profectus

157 424 409 490 extremitatem.
420 424 501 490 caeli
523 446 544 490 a
562 441 714 509 suprema
730 425 863 510 regione
881 423 1022 490 rotundo
1040 425 1169 492 ambitu

158 512 354 578 circumiecit
377 533 510 597 seseque
532 513 604 596 ipse
625 531 758 581 versans
781 511 927 577 divinum
950 512 1169 597 sempiternae

105 614 137 662 ιι
158 599 378 684 sapientisque
401 601 488 666 vitae
515 600 641 666 induxit
668 599 846 667 exordium.
888 599 933 668 Et
955 622 1074 684 corpus
1099 602 1168 685 qui-

158 688 231 753 dem
253 689 335 754 caeli
358 689 556 774 aspectabile
575 687 724 754 effectum
743 691 802 771 est,
823 687 953 754 animus
970 693 1080 754 cutem
1093 711 1168 756 ocu·
1195 707 1210 748 ⁵

157 776 264 842 lorum
286 777 401 863 effugit
423 780 584 860 optutum.
628 775 691 842 Est
714 780 823 841 autem
846 797 929 840 unus
952 798 992 843 ex
1015 776 1169 842 omnibus

156 864 294 932 rationis
316 864 612 948 concentienisquc‚
640 885 723 947 quee
749 857 894 947 ἁρμονία
918 862 1055 948 Graece,
1085 886 1168 932 sem-

156 952 358 1036 piternarum
389 973 497 1018 rerum
530 957 564 1018 et
595 952 655 1017 sub
687 952 948 1037 intellegentiam
980 953 1168 1018 cadentium

157 1061 289 1124 compos
312 1045 346 1105 et
367 1040 541 1126 particeps,
564 1061 627 1124 quo
645 1039 729 1106 nihil
748 1043 799 1105 est
817 1039 858 1105 ab
877 1040 1004 1126 optimo
1023 1045 1056 1105 et
1074 1063 1167 1125 prae-

156 1128 358 1194 stantissimo
378 1129 525 1214 genitore
544 1127 666 1194 melius·
678 1131 896 1213 procreetum3
911 1129 1039 1214 quippe
1056 1128 1168 1213 quiex
1182 1150 1211 1190 10

155 1216 267 1282 eadem
288 1217 418 1283 iunctus
439 1217 742 1301 alteraquenatura
756 1216 908 1282 adiuncta
926 1217 1066 1283 materia
1082 1221 1167 1284 tem·

154 1305 322 1388 peratione
353 1305 455 1372 trium
485 1304 629 1390 partium
665 1304 875 1389 proportione
907 1308 1098 1390 conpactus,
1130 1327 1167 1372 se

154 1393 224 1478 ipse
247 1414 452 1477 conversano,
471 1415 544 1460 cum
563 1393 732 1460 materiam
757 1392 948 1460 mutabilem
968 1393 1108 1479 arripuit
1131 1399 1167 1460 et

154 1503 227 1548 cum
249 1503 361 1548 rursus
384 1481 583 1548 individuam
601 1485 699 1564 atque
718 1481 908 1566 simplicem,
926 1501 985 1567 per
1003 1503 1038 1546 se
1057 1481 1165 1548 omnis

154 1573 304 1635 movetur
330 1569 560 1654 discernitque,
583 1568 661 1652 quid
684 1567 728 1634 sit
750 1569 893 1636 eiusdem
916 1570 1058 1655 generis,
1086 1570 1167 1655 quid
1181 1588 1210 1630 ιτ

155 1657 304 1741 alterius,
327 1661 360 1721 et
383 1660 491 1723 cetere
518 1656 686 1741 diiudicat,
714 1656 792 1741 quid
821 1656 936 1741 cuique
960 1658 1008 1723 rei
1031 1658 1075 1722 sit
1097 1680 1166 1724 me·

153 1745 239 1810 xime
262 1749 385 1831 optum,
407 1745 485 1830 quid
508 1766 635 1830 quoque
653 1745 725 1810 loco
749 1749 807 1810 aut
825 1745 922 1812 ruodo
940 1749 999 1814 aut
1016 1749 1166 1831 tempere

155 1833 340 1919 contingat,
368 1855 513 1919 quaeque
544 1833 710 1898 distinctio
742 1832 786 1899 sit
813 1833 899 1900 iuter
931 1855 980 1917 eu,
1007 1855 1090 1918 quae
1117 1834 1166 1920 gi-

101 1934 135 1983 28
155 1926 306 2009 guantur,
328 1925 362 1988 et
380 1943 427 2006 ea,
450 1943 532 2007 quae
551 1921 617 1988 sint
636 1943 763 2007 semper
781 1921 902 1991 eadem.
935 1921 1035 1988 Ratio
1054 1925 1167 1988 autem

153 2032 244 2095 vera,
272 2033 354 2095 quae
376 2015 526 2077 versatur
547 2011 583 2076 in
604 2009 659 2094 iis,
687 2031 769 2094 quae
792 2015 869 2078 sunt
892 2029 1019 2095 semper
1042 2010 1164 2094 eadem,
1179 2029 1209 2070 eo

154 2102 187 2163 et
209 2099 244 2163 in
266 2099 321 2183 iis,
344 2120 426 2182 quae
449 2102 628 2180 mutentur,
654 2118 728 2164 cum
749 2099 786 2164 iu
808 2098 921 2164 eodem
944 2099 1035 2164 etin
1057 2099 1164 2164 eltero

154 2190 303 2252 movetur
325 2186 398 2271 ipsa
421 2207 481 2271 per·
503 2206 573 2252 sese
601 2185 670 2250 sine
701 2206 780 2252 voce
812 2190 845 2251 et
877 2187 946 2250 sine
975 2186 1044 2252 ullo
1073 2207 1165 2270 sone,
1280 2211 1281 2217 ¹

154 2295 227 2339 cum
250 2294 323 2338 eam
344 2277 473 2358 partem
496 2272 646 2359 attingit,
670 2295 735 2357 que
757 2295 870 2341 sensus
892 2273 971 2340 cieri
992 2277 1167 2360 potestat

154 2361 243 2426 orbis
265 2361 356 2426 illius
380 2362 507 2448 generis
526 2362 662 2428 alterius
679 2362 860 2428 inmutatus
879 2366 913 2427 et
929 2365 1038 2430 rectus
1052 2361 1165 2428 omnia

154 2449 262 2514 auimo
293 2450 458 2534 mentique
486 2450 668 2533 denuntiat,
699 2453 771 2516 tum
798 2449 966 2535 opiniones
1000 2450 1164 2516 adconmo-
1178 2468 1206 2510 re

152 2557 274 2621 nosque
290 2538 405 2602 firmae
422 2559 582 2624 veraeque
603 2539 796 2624 gignuntur;
818 2559 892 2604 cum
911 2542 1021 2604 autem
1038 2539 1074 2604 in
1094 2538 1164 2603 illis

153 2624 250 2690 rebus
264 2626 411 2710 vertitur,
429 2648 512 2710 quae
525 2630 693 2692 manentes
708 2647 836 2711 semper
850 2626 962 2692 eadem
976 2647 1044 2694 nou
1057 2647 1165 2711 sensu,

153 2713 210 2778 sed
231 2714 458 2801 intellegentia
480 2714 686 2781 continentur
706 2763 780 2780 ...
827 2757 829 2762 ·

560 2817 580 2858 8
734 2817 755 2858 2

647 2863 667 2904 *

224 2919 350 2990 [Excidit
370 2921 481 2974 tentum
503 2919 561 2974 fere
584 2918 719 2976 orationis
742 2919 919 2988 Platonicae,
947 2922 1083 2990 quantum
1107 2937 1165 2976 una
1178 2943 1207 2985 ω

153 2989 352 3059 complectitur
368 2989 473 3060 pagina
490 2989 535 3044 ed.
554 2988 664 3059 steph„
682 2989 731 3044 ubi
749 2989 850 3046 ultima
867 2994 933 3046 ante
946 2991 1020 3046 hunc
1032 2993 1165 3048 lacunam

152 3060 239 3114 verba
250 3060 383 3130 leguntur
391 3058 490 3129 pauc
502 3059 571 3122 accis
588 3056 726 3131 ἰπιττήμη
745 3079 775 3116 τι
792 3057 806 3118 ἐ
838 3057 966 3132 &aarum
984 3058 1162 3118 ἐπιτελεῖται.

151 3129 221 3185 Post
238 3131 355 3184 eandem
372 3129 465 3200 prima
480 3148 508 3200 p.
528 3136 563 3186 38
583 3128 603 3184 G
621 3131 691 3184 haec
711 3132 789 3186 aunt:
824 3133 839 3200 ξ
858 3123 909 3187 οὖν
927 3128 1013 3202 λόγου
1032 3133 1080 3188 aul
1099 3135 1163 3188 δια-

152 3201 323 3263 vetustiori
342 3196 474 3270 τοιαύτης
491 3197 561 3270 πρὸς
580 3196 683 3270 χρόνου
701 3201 813 3270 γένεσιν
831 3197 901 3273 nti]

100 3293 133 3419 ἓξ
218 3321 417 3390 (tamem
438 3329 546 3391 acuto
563 3345 681 3410 ρατιονε.
717 3325 822 3394 Οιὶιονο
846 3327 991 3396 Timeo.-
1020 3329 1163 3394 Ratione
1177 3346 1205 3388 π

151 3409 254 3510 igitur
276 3414 311 3475 et
332 3416 440 3478 mente
463 3412 573 3478 divina
595 3414 636 3480 ad
659 3413 819 3500 originem
841 3417 999 3502 temporie
1024 3417 1163 3484 curricu-

152 3498 221 3563 lum
243 3502 412 3564 mventum
438 3504 489 3564 est
516 3501 595 3566 solis
619 3505 652 3567 et
675 3502 770 3568 lunae
793 3504 934 3585 (Nouius
949 3526 983 3590 p.
1006 3511 1079 3574 198.
1102 3505 1163 3590 26)
