2578 3950
151 215 214 280 190
447 213 599 268 tenuius
618 212 666 266 ne
685 211 850 267 anicien

148 375 367 460 praeposteris
400 375 487 438 enim
517 374 640 439 utimur
669 374 813 438 consiliis
849 377 883 437 et
917 377 991 438 acta
1019 373 1157 459 agimus,

149 463 235 547 quod
256 467 405 528 vetamur
427 466 536 528 vetere
558 462 738 546 proverbio.
776 459 862 526 Nam
884 461 1044 545 implicati
1067 462 1157 527 ultro

148 555 182 616 et
204 550 285 616 citro
308 550 361 616 rel
383 571 444 615 usu
467 549 618 615 diuturno
641 549 693 614 vel
716 549 817 614 etiam
838 549 953 614 officiis
971 553 1104 634 repente
1121 550 1157 613 in

148 639 254 704 medio
286 659 382 704 cursu
414 638 574 703 amicitias
604 641 717 703 exorta
744 637 854 720 aliqua
887 637 1062 701 offensione
1095 637 1157 702 dis-

119 725 122 730 ’
148 727 337 812 rumpimus.
1185 743 1201 784 e

95 787 138 915 {5⁹³
215 813 285 891 Quo
311 815 410 879 etiam
433 814 539 898 magis
561 813 776 897 vituperanda
800 811 919 876 estrei
942 811 1081 876 maxime
1103 833 1157 877 ne·

148 903 307 968 causariae
338 905 432 966 tanta
463 901 596 966 meuria.
641 899 716 965 Una
748 904 798 964 est
829 899 915 964 enim
947 900 1091 964 amicitia
1121 901 1158 964 in

147 991 243 1054 rebus
266 989 427 1073 humanis,
450 988 489 1053 de
512 989 601 1053 ouius
624 988 770 1054 utilitate
793 1008 905 1052 omnes
924 1009 988 1053 uno
1008 1009 1064 1052 ore
1083 1009 1156 1053 con-

148 1077 301 1142 sentiunt.
334 1076 537 1161 Quamquam
553 1099 573 1142 a
596 1075 708 1141 multis
728 1075 831 1141 virtus
850 1076 923 1160 ipsa
937 1075 1156 1140 contemnitur

147 1168 181 1230 et
203 1164 381 1231 venditatio
410 1165 568 1248 quaedam
594 1169 694 1249 atque
721 1164 897 1229 ostentatio
927 1184 997 1227 esse
1026 1162 1156 1248 dieitur3
1171 1181 1199 1223 ιο

146 1253 243 1319 multi
266 1252 396 1318 divitias
420 1253 609 1338 despiciunt,
633 1272 713 1337 quos
736 1271 837 1337 parvo
860 1252 1155 1317 contentostenuis

146 1342 252 1408 vietus
275 1342 445 1425 cultusque
468 1341 622 1424 delectat3
643 1340 890 1423 honorassem,
913 1361 1050 1424 quorum
1069 1340 1155 1424 cupi-

148 1430 249 1494 ditate
273 1430 404 1514 qnidam
427 1429 686 1512 inflammentur,
709 1450 806 1513 quam
826 1428 922 1493 multi
944 1428 992 1492 ita
1015 1431 1155 1492 contem-

146 1520 242 1600 nunt,
273 1521 310 1581 ut
333 1516 415 1580 nihil
441 1517 584 1601 inanius,
613 1516 695 1581 nihil
723 1537 793 1580 esse
821 1515 925 1581 levius
954 1516 1152 1580 existiment!

146 1605 288 1687 itemque
311 1608 427 1688 cetera,
451 1627 533 1688 quae
557 1604 749 1688 quibusdam
771 1603 977 1669 admirabilia
995 1603 1153 1688 videntur,
1168 1618 1194 1660 ιε

146 1691 301 1776 permulti
325 1695 400 1755 sunt
423 1692 478 1776 qui
501 1714 560 1776 pro
582 1692 686 1756 nihilo
705 1696 836 1776 putent3
860 1692 899 1756 de
922 1692 1066 1758 amicitia
1089 1713 1154 1756 om·

146 1800 203 1844 nes
227 1779 268 1844 ad
290 1801 391 1844 unum
413 1779 499 1844 idem
523 1780 680 1863 sentiunt,
702 1785 736 1844 et
757 1780 795 1861 ii,
818 1780 874 1863 qui
896 1779 937 1843 ad
960 1801 1028 1844 rem
1051 1779 1155 1864 publi-

147 1889 218 1933 cam
241 1889 275 1933 se
294 1867 510 1952 contulerunt,
534 1867 616 1953 etii,
635 1867 691 1952 qni
709 1889 817 1932 rerum
835 1868 1019 1953 cognitione
1039 1866 1154 1932 doctri·

145 1977 252 2129 tter
274 1955 502 2128 thatun,
516 1959 1154 2127 te’sequereturneuetn
1168 2061 1196 2100 »ο
1287 2085 1288 2104 ψ

146 2131 244 2215 tibus,
267 2131 335 2195 sine
359 2131 502 2196 amicitia
525 2132 627 2195 vitam
649 2153 718 2196 esse
736 2133 871 2215 nullam,
890 2131 1032 2197 simodo
1050 2132 1154 2196 velint

93 2235 126 2285 87
147 2218 257 2302 aliqua
280 2239 318 2283 ex
341 2222 434 2302 parte
456 2218 637 2284 liberaliter
655 2219 772 2284 vivere.
809 2217 917 2304 Serpit
941 2220 1026 2284 enim
1044 2221 1152 2283 nescio

146 2327 209 2390 quo
233 2305 329 2370 modo
352 2326 411 2390 per
433 2307 576 2371 omnium
600 2307 685 2372 ritas
710 2307 853 2373 amicitia
870 2327 929 2372 nec
946 2309 1048 2372 ullam
1068 2310 1153 2372 aeta-

145 2393 188 2458 tis
208 2393 372 2478 degendae
389 2394 549 2459 rationem
567 2395 692 2479 patitur
710 2416 780 2459 esse
799 2399 962 2480 expertem
977 2395 1051 2460 sui·
1069 2393 1154 2470 Quin

146 2482 246 2547 etiam
269 2481 298 2545 si
321 2482 392 2565 quis
416 2483 592 2566 asperitate
615 2504 654 2548 ea
677 2487 727 2548 est
746 2487 779 2547 et
796 2483 989 2548 inmanitate
1007 2487 1152 2565 naturae,
1167 2499 1195 2538 ²⁵

144 2574 407 2723 llttltt
420 2569 598 2724 llttlt
614 2570 732 2724 tell
749 2575 856 2723 ”tlt
874 2571 1152 2723 titillabat?

145 2768 219 2812 men
250 2746 279 2810 is
311 2745 381 2831 pati
412 2766 478 2810 non
504 2747 623 2832 pessit,
655 2750 693 2810 ut
719 2681 785 2810 noii
818 2682 978 2828 anquirad
1001 2709 1152 2830 aliqirem,

145 2834 231 2918 apud
254 2855 349 2918 quem
373 2839 503 2898 evomat
525 2835 613 2899 virus
638 2833 825 2899 acerbitatis
845 2855 929 2900 suae.
962 2834 1072 2918 Atque
1089 2834 1152 2898 hoe

144 2919 283 2985 maxime
306 2921 511 3005 iudicaretur,
534 2922 562 2985 si
585 2921 663 3005 quid
685 2922 752 2987 tale
770 2925 881 3006 posset
899 2923 1097 3007 contingere,
1114 2925 1152 2985 ut
1166 2937 1194 2979 ³0

146 3008 263 3093 aliquis
285 3028 345 3073 nos
370 3009 447 3074 deus
471 3030 510 3073 ex
531 3009 593 3074 hac
615 3009 783 3075 hominum
810 3008 993 3094 frequentia
1021 3010 1153 3075 tolleret
1278 3031 1284 3101 l

145 3100 177 3161 et
200 3096 235 3160 in
258 3096 431 3162 solitudine
455 3097 584 3184 uspiam
606 3098 780 3162 collocaret
803 3101 900 3181 atque
930 3097 976 3162 ibi
1005 3097 1152 3183 suppedi-

143 3187 218 3248 tans
242 3185 387 3250 omnium
410 3206 527 3263 rerum,
550 3207 630 3270 quas
652 3189 771 3250 natura
794 3185 964 3269 desiderat,
987 3186 1152 3250 abnndan-

143 3271 225 3335 tiam
248 3275 280 3336 et
304 3272 430 3357 copiam
449 3273 589 3338 hominis
609 3274 739 3339 omnino
759 3270 934 3358 aspiciendi
952 3278 1152 3358 potestatem
1282 3293 1283 3330 l

144 3357 291 3442 eriperet.
323 3358 401 3434 Quis
424 3365 494 3426 tam
518 3366 603 3425 esset
625 3361 758 3446 ferreus,
782 3363 837 3445 qui
855 3384 926 3426 eam
945 3362 1048 3426 vitam
1067 3362 1153 3427 ferre
1166 3377 1194 3418 ³⁵

143 3448 268 3530 posset,
296 3448 410 3530 cuique
432 3471 499 3514 non
522 3450 663 3515 auferret
688 3449 831 3514 fructum
853 3450 1062 3533 voluptatum
1086 3473 1152 3516 om-

90 3549 124 3598 88
143 3533 233 3599 nium
256 3533 420 3600 solitudo?
450 3535 571 3601 Verum
596 3557 673 3623 ergo
696 3538 778 3602 illud
802 3541 860 3621 est,
884 3536 970 3620 quod
996 3561 1016 3602 a
1033 3537 1152 3604 Taren·
