2504 3950
161 161 224 228 136
398 159 492 216 cluo
503 158 630 218 ‚MAIOR
647 159 697 214 DE
716 157 929 214 SENEOTUTE

158 323 312 409 legimus,
345 343 441 406 quem
463 321 697 406 philosophum
722 341 789 386 non
811 320 1070 386 contemnimus?
1102 319 1176 388 Nec

94 488 95 491 Ἴ
158 431 235 476 vero
258 410 316 475 ille
334 410 370 474 in
387 410 458 476 lucc
476 409 573 476 modo
592 414 689 492 atque
707 409 743 474 in
760 408 864 473 oeulis
883 409 1002 474 civium
1021 429 1176 495 magnus,

160 499 215 564 sed
237 498 326 564 intus
345 497 497 581 domique
514 497 743 582 praestantior.
775 494 838 570 Qui
853 516 969 580 sermo,
983 518 1066 581 quae
1081 519 1176 581 prac-

158 589 262 672 cepta,
280 589 404 670 quanta
417 585 538 662 notitia
551 584 768 669 antiquitatis,
782 584 919 650 scientia
932 584 1013 650 iuris
1028 585 1175 670 augurii!

157 673 282 740 Multae
305 674 414 758 etiam,
437 677 475 740 ut
496 674 532 738 iu
553 673 684 738 homine
707 672 866 756 Romano,
889 671 1035 756 litterae3
1061 673 1198 739 omnies

159 762 316 830 memoria
337 762 471 828 tenebat
492 782 559 826 non
582 761 760 827 domestica
783 760 900 844 solum,
923 759 980 825 sed
1000 760 1106 826 etiam
1126 782 1176 826 er-

159 854 253 915 terna
275 849 373 916 bella.
418 847 517 914 (luins
540 869 688 915 sermone
713 848 761 912 ita
789 852 859 914 tum
886 848 1001 933 cupide
1028 847 1176 932 fruebar,
1237 839 1238 914 ἶ

160 938 254 1022 quasi
267 937 334 1001 iam
348 936 537 1020 divinarem,
559 936 593 1001 id
606 935 693 1020 quod
714 936 831 1020 evenit,
849 937 909 1001 illo
929 936 1074 1002 extincto
1095 937 1177 1018 fore,

121 1008 244 1092 5unde
271 1023 440 1107 discerem,
470 1023 641 1090 neminem.
686 1022 848 1098 Quorsum
869 1024 972 1109 igitur
998 1025 1083 1090 haec
1108 1029 1177 1090 lam

109 1085 142 1132 ¹⁸
161 1112 266 1178 multa
288 1112 327 1179 de
354 1111 518 1179 Maximo?
550 1110 635 1186 Quia
660 1111 807 1196 profecto
833 1111 952 1178 videtis
978 1111 1075 1178 nefas
1106 1132 1211 1178 essen

161 1200 249 1266 (lictu
278 1200 431 1266 miseram
458 1199 559 1266 fuisse
586 1201 688 1264 talem
711 1203 918 1276 senectutem.
961 1197 1032 1266 Nec
1060 1204 1177 1266 tamen

161 1309 272 1357 omnes
295 1292 433 1372 possunt
455 1309 526 1354 esse
549 1286 715 1373 Scipiones
739 1292 796 1352 aut
817 1285 962 1371 Maximi,
984 1292 1022 1354 ut
1040 1289 1176 1354 urbium

162 1376 427 1462 expugnationes,
445 1380 482 1442 ut
498 1376 663 1461 pedestres
681 1375 855 1442 natalesve
873 1396 1010 1461 pugnas,
1029 1380 1069 1442 ut
1086 1376 1177 1442 bella

161 1487 182 1530 a
196 1486 230 1530 se
245 1469 346 1548 gesta,
364 1468 402 1532 ut
418 1462 602 1548 triumphos
619 1463 837 1529 recordentur.
867 1462 929 1528 Est
948 1463 1049 1528 etiam
1064 1464 1176 1548 quiete
1238 1487 1239 1518 ³

161 1555 194 1618 et
216 1574 297 1636 pure
320 1555 417 1635 atque
440 1551 607 1635 eleganter
630 1555 721 1616 actae
745 1551 863 1616 aetatis
882 1550 1011 1635 placida
1029 1573 1070 1618 ac
1091 1553 1175 1618 lenis
1188 1569 1210 1609 1⁵

162 1642 319 1721 senectus,
342 1638 472 1722 qualem
491 1639 673 1723 accepimus
695 1637 854 1723 Platonis,
877 1639 933 1722 qui
951 1661 1016 1704 uno
1032 1643 1065 1704 et
1086 1645 1176 1706 octo-

162 1726 286 1811 gcsimo
310 1746 395 1790 anno
419 1725 562 1790 scribens
590 1729 640 1792 est
663 1730 825 1811 mortuus,
853 1728 983 1811 qualem
1005 1725 1175 1811 Isocratis,

162 1813 218 1898 qui
231 1834 305 1879 eum
318 1813 447 1897 librum,
457 1814 521 1898 qui
521 1812 781 1882 Panathenaicus
790 1815 988 1897 inscribitur,
1008 1820 1132 1898 quarto
1143 1820 1174 1880 et

160 1902 372 1988 nonagesimo
392 1923 477 1968 enno
496 1902 665 1986 scripsisse
683 1923 718 1968 se
737 1902 816 1968 (licit
832 1903 978 1986 vixitque
993 1904 1174 1988 quinquen-

160 1990 251 2056 nium
264 1994 393 2076 postea;
410 1990 500 2055 cuius
516 1991 674 2076 magister
687 1989 864 2056 Leontinus
880 1989 1020 2076 Gorgias
1039 1995 1173 2058 centum
1185 2009 1208 2050 2⁰

162 2082 195 2142 et
227 2082 352 2161 septem
384 2078 558 2161 complevit
590 2099 693 2143 annos
724 2099 828 2162 neque
859 2100 1015 2162 umquam
1042 2079 1079 2144 in
1115 2101 1174 2144 suo

162 2164 269 2230 studio
292 2170 390 2249 atque
413 2184 510 2249 opere
532 2166 681 2230 cessavit.
721 2164 793 2250 Qui,
815 2187 888 2232 cum
911 2187 950 2232 ex
973 2187 1012 2232 eo
1036 2188 1173 2250 quaere
1239 2203 1240 2236 ÷

160 2255 259 2335 retur,
281 2273 338 2316 cur
355 2251 498 2318 tamdiu
516 2252 616 2318 vellet
634 2275 704 2318 esse
722 2254 757 2318 in
774 2255 859 2320 vita:
882 2252 1006 2320 ‘Nihil
1023 2254 1173 2338 habeo',

160 2339 280 2424 inquit,
313 2338 422 2423 ‘quod
451 2361 625 2406 accusem
657 2340 915 2408 senectutem?
960 2341 1173 2410 Praeclarum

110 2443 144 2492 14
160 2448 351 2513 responsum
374 2431 407 2492 et
431 2427 525 2494 docto
548 2429 681 2495 homine
702 2429 845 2515 dignum.
886 2427 955 2496 ¹Suu
977 2430 1064 2496 enim
1090 2432 1207 2498 vities

160 2515 350 2599 insipientes
374 2518 518 2582 etenum
541 2518 670 2602 culpam
693 2517 728 2582 in
756 2521 956 2584 senectutem
984 2518 1172 2601 conferumt3

159 2603 247 2757 quoi
277 2623 344 2668 non
373 2602 514 2671 faciebat
545 2604 589 2689 is,
619 2605 710 2670 cuius
741 2605 838 2671 modo
870 2605 1069 2672 mentionem
1100 2606 1171 2690 leci,

189 2711 299 2758 nnius:
875 2729 878 2739 ·

205 2777 313 2846 Sicut
329 2779 450 2846 fortis
467 2801 600 2864 equus,
624 2780 753 2866 spatio
772 2780 837 2866 qui
856 2802 970 2865 saepe
989 2803 1169 2866 supremo

203 2866 311 2932 Vicit
325 2866 516 2953 Olympia,
533 2890 631 2934 nunc
650 2868 758 2934 senio
777 2867 977 2934 confectus
992 2870 1170 2952 quiescit
1182 2885 1206 2926 ³⁰

160 2953 247 3038 Equi
263 2953 362 3019 fortis
381 2959 414 3019 et
427 2955 561 3020 victoria
580 2956 738 3022 senectuti
752 2961 921 3041 comparat
935 2977 1038 3022 suam.
1067 2956 1170 3034 Quem

161 3043 290 3126 quidem
313 3042 415 3126 probe
438 3042 623 3110 meminisse
645 3041 798 3128 potestis3
821 3065 905 3110 auno
928 3045 1016 3110 enim
1038 3046 1170 3112 undevi-

161 3131 302 3196 censimo
325 3133 402 3214 post
425 3129 493 3194 eius
516 3135 655 3196 mortem
679 3131 715 3198 hi
732 3132 897 3215 consules,
916 3129 951 3198 Τ.
964 3131 1169 3198 Flamininus

161 3222 194 3280 et
216 3217 268 3281 Μ’.
287 3216 422 3301 Acilius,
443 3217 524 3284 fecti
545 3223 632 3302 sunt,
653 3219 710 3286 ille
734 3223 842 3286 autem
866 3218 1028 3304 Caepione
1047 3225 1082 3288 et
1095 3220 1168 3286 Phi-

160 3303 251 3387 lippo
269 3304 388 3368 iterum
404 3305 591 3372 consulibus
609 3311 758 3373 mortuus
776 3312 836 3390 eet,
854 3329 927 3372 cum
945 3328 1008 3394 ego
1027 3309 1167 3393 quinque
1181 3322 1204 3364 ³⁵

161 3392 194 3454 et
212 3389 383 3472 sexaginta
401 3411 503 3458 annos
520 3397 618 3458 natus
632 3394 739 3478 legem
752 3392 931 3462 Voconiam
949 3416 1073 3482 magna
1090 3417 1167 3462 voce

160 3479 194 3542 et
202 3475 297 3539 bonis
311 3474 469 3542 lateribus
478 3479 575 3543 suasi.
594 3477 657 3544 Sed
666 3502 768 3548 annos
778 3481 988 3567 septuaginta
995 3487 1095 3548 nutus
1103 3481 1168 3570 (tot
