2578 3950
136 181 141 222 1
179 193 244 256 226
605 189 765 245 TIMAEUS

124 374 161 423 40
180 352 314 430 Quando
342 352 444 439 igitur
472 373 597 436 omnes,
626 356 659 416 ct
686 352 742 438 qui
765 356 936 418 moventur
958 353 1133 438 palamque
1158 375 1194 420 se

180 443 364 525 ostendunt,
387 446 420 506 et
444 441 499 526 qui
522 444 655 506 eatenus
677 440 773 506 nobis
797 439 1017 526 declarantur,
1041 464 1105 526 qua
1127 443 1193 527 ipsi

179 531 307 614 volunt,
335 529 436 595 creati
459 533 549 613 sunt,
577 533 648 593 tum
676 529 717 594 ad
744 549 799 593 eos
826 529 855 593 is
883 529 976 613 deus,
1004 530 1059 614 qui
1081 532 1194 597 omnia

180 619 306 705 gennit,
328 618 431 683 fatur:
460 617 561 683 ‘Haec
582 638 655 701 vos,
684 617 740 701 qui
763 617 894 682 deorum
918 621 992 682 satu
1016 618 1080 684 orti
1103 620 1193 703 estis,

180 707 352 772 attendite:
372 728 508 791 quorum
523 701 663 790 voperum
681 725 744 791 ego
761 725 879 794 parens
898 706 1093 791 effectorque
1110 729 1192 791 sum,
1218 729 1230 768 s

179 797 259 861 haec
279 799 355 860 sunt
375 793 569 860 indissoluta
588 815 640 860 me
658 794 775 878 invit03
799 815 993 880 quamquam
1013 815 1109 860 omne
1128 795 1192 861 ool-

179 885 320 969 ligatum
361 883 445 948 solvi
480 885 623 968 potest3‘
646 882 702 946 sed
737 883 988 967 haudquaquam
1025 883 1103 948 boni
1141 887 1192 948 est

180 971 306 1036 ratione
334 971 479 1036 vinctum
505 971 590 1035 velle
617 970 802 1035 dissolvere.
847 968 911 1035 Sed
933 971 1087 1056 quoniam
1110 973 1190 1037 estis

164 1059 255 1144 orti,
276 1059 467 1124 inmortales
490 1079 548 1124 vos
572 1058 701 1143 quidem
724 1079 795 1124 esse
813 1061 847 1123 et
863 1059 1106 1126 indissolubiles
1124 1081 1192 1126 non

179 1147 332 1233 potestis,
363 1147 552 1231 neutiquam
584 1151 694 1212 tamen
726 1147 961 1232 dissolvemini,
994 1143 1098 1234 neque
1130 1171 1190 1213 vos
1205 1170 1230 1210 ιο

180 1236 248 1302 ulla
276 1236 392 1300 mortis
419 1235 489 1302 fata
515 1235 676 1320 periment
702 1255 761 1301 nee
788 1235 879 1300 fraus
906 1236 1069 1302 valentior
1091 1257 1191 1320 quarn

180 1324 351 1390 consilium
374 1345 494 1408 meum,
518 1325 604 1408 quod
626 1322 740 1388 maius’
754 1326 805 1388 est
826 1323 992 1389 vinculum
1015 1323 1056 1389 ad
1078 1346 1192 1410 perpe

179 1413 332 1477 tuitatem
359 1416 503 1477 vestram
531 1434 627 1496 quam
655 1412 727 1495 illa,
755 1411 872 1497 quibus
900 1412 979 1477 estis
997 1416 1087 1495 tum,
1117 1435 1191 1478 cum

125 1515 160 1564 41
181 1500 417 1586 gignebamini,
445 1499 611 1584 conligati.
657 1498 741 1574 Quid
764 1501 902 1565 sentiam
929 1500 1045 1588 igitur,
1073 1521 1192 1587 eogno-

180 1590 281 1653 scite:·
293 1587 374 1672 Tria
392 1608 511 1673 genera
529 1587 623 1652 nobis
642 1587 767 1671 reliqua
791 1592 879 1671 srmt,
903 1609 1003 1672 eaque
1023 1590 1231 1673 mortalia31⁵

180 1676 297 1760 quibus
315 1675 558 1761 ¹praetermissis
581 1675 664 1740 caeli
687 1676 850 1741 absolutio
873 1676 1017 1760 perfecta
1034 1699 1100 1742 non
1119 1678 1192 1743 erit.

179 1761 297 1828 Omnia
320 1764 405 1836 enim
429 1784 548 1850 genera
571 1761 761 1828 animalium
780 1765 950 1849 complexu
968 1786 1034 1830 non
1052 1766 1192 1850 tenebit3

179 1855 291 1918 teneat
318 1855 427 1917 autem
455 1852 632 1937 oportebit,
660 1855 697 1916 ut
725 1874 763 1916 ex
791 1853 903 1919 eodem
929 1853 1071 1937 nequid
1094 1854 1191 1919 absit.
1272 1875 1273 1949 q

180 1938 268 2016 Quae
292 1963 312 2006 a
335 1962 386 2007 me
409 1941 481 2026 ipso
501 1940 619 2005 effecta
640 1943 669 2006 si
692 1940 766 2024 sint,
790 1940 923 2006 deorum
940 1941 1044 2006 vitam
1062 1942 1192 2026 possint

180 2029 368 2112 adaequare.
413 2027 461 2094 Ut
482 2029 585 2114 igitur
607 2029 740 2093 mortali
768 2028 954 2094 condicione
986 2033 1190 2115 generentur,
1205 2050 1232 2091 so

179 2138 238 2181 vos
258 2117 420 2201 suscipite,
438 2120 476 2181 ut
494 2117 553 2180 illa
572 2116 716 2202 gignatis
735 2115 970 2202 imiteminique
989 2118 1055 2182 vim
1074 2139 1191 2203 meam,
1271 2117 1272 2120 ’

150 2267 152 2270 .
180 2226 244 2287 qua
277 2225 328 2269 me
358 2205 393 2268 in
425 2208 534 2269 vestro
568 2209 642 2269 ortu
675 2227 767 2270 usum
800 2225 870 2270 esse
903 2205 1106 2272 meministis.
1150 2205 1191 2271 In
1271 2195 1272 2242 l

180 2291 297 2375 quibus
320 2292 376 2374 qui
398 2293 482 2356 tales
506 2293 714 2377 creabuntur,
741 2296 779 2359 ut
806 2293 938 2360 deorum
965 2293 1191 2360 inmortalium

180 2375 273 2464 quasi
296 2379 435 2465 gentiles
457 2401 527 2445 esse
546 2380 692 2466 debeant,
716 2381 816 2447 divini
836 2382 963 2467 generis
982 2379 1191 2468 appellentur
1270 2371 1271 2456 l

179 2471 375 2551 teneantque
398 2468 542 2534 omnium
561 2469 775 2535 animantium
794 2470 1012 2556 principatum
1031 2471 1191 2556 vobisque
1206 2489 1230 2532 2⁵
1267 2505 1271 2580 q

178 2555 247 2644 iure
271 2559 304 2620 et
327 2556 399 2642 lege
422 2557 569 2622 volentes
597 2561 747 2643 pereant3
778 2579 914 2642 quorum
941 2559 1036 2624 robis
1059 2559 1191 2625 initium

180 2646 333 2728 satusque
357 2645 504 2711 tradetur
528 2669 547 2710 a
570 2667 635 2729 me,
662 2667 722 2711 vos
746 2651 855 2713 autern
879 2647 988 2728 adid,
1016 2647 1103 2731 quod
1125 2649 1192 2713 erit

147 2727 150 2734 ’
178 2731 364 2816 inmortale,
392 2737 520 2819 partem
548 2735 720 2799 attexitote
743 2736 922 2800 mortalem.
967 2733 1021 2800 Ita
1044 2735 1192 2800 orientur

179 2821 374 2904 animantes,
402 2841 483 2906 quos
511 2826 544 2887 at
571 2822 663 2888 vivos
690 2822 789 2888 alatis
817 2825 850 2887 et
877 2827 1087 2908 consumptos
1116 2823 1191 2890 sinu

236 2907 242 2922 ·
270 2909 277 2922 ·
320 2910 325 2923 ·
355 2909 365 2938 a

127 2913 418 3063 mrenpquqqsme
446 2995 537 3063 dixit.
581 2997 705 3063 Deinde
734 2999 775 3064 ad
801 2999 1071 3084 temperationem
1098 2929 1227 3084 supa8⁰

122 3051 159 3100 42
178 3084 297 3150 riorem
320 3086 469 3170 revertit3
491 3087 524 3151 in
550 3108 614 3170 qua
637 3108 766 3178 omnem
785 3088 928 3153 animum
946 3088 1115 3153 uniuersae
1133 3110 1191 3152 na·

177 3177 270 3238 turae
284 3178 470 3260 temperans
484 3176 702 3260 permiscebat
711 3176 949 3260 superiorisque
963 3175 1190 3261 permixtionis

176 3260 331 3344 reliquias
360 3259 497 3326 fundens
526 3265 687 3348 aequabat
716 3263 827 3329 eodem
855 3264 951 3329 modo
978 3263 1093 3349 ferme,
1124 3265 1191 3328 nisi

178 3349 264 3430 quod
290 3369 356 3414 non
383 3350 431 3414 ita
458 3351 659 3437 incorrupta,
686 3356 723 3416 ut
751 3373 912 3437 eaquae
940 3349 1067 3436 semper
1093 3352 1189 3436 idem,
1202 3365 1225 3408 ³⁵

178 3434 234 3498 sed
263 3435 304 3499 ab
331 3436 372 3499 iis
401 3435 575 3503 secundum
606 3440 757 3504 sumebat
790 3445 887 3524 atque
913 3440 1013 3506 etiam
1046 3441 1189 3505 tertium

122 3539 157 3588 43
177 3521 261 3587 Toto
284 3522 388 3607 igitur
406 3526 494 3589 omni
513 3527 692 3592 constituto
711 3527 869 3593 sideribus
887 3549 999 3613 parem
1018 3549 1189 3594 numerum
