2578 3950
321 255 323 265 ,
419 197 494 261 QAP.
514 204 556 266 ro,
575 205 617 253 co.
654 205 801 264 see-va
1051 202 1112 266 157

122 379 299 442 responsum
332 355 394 437 est',
429 381 503 426 cum
534 359 586 423 illi
617 360 797 444 quaerenti,
830 382 894 445 qua
919 363 1052 428 tandem
1078 385 1114 428 re

120 445 211 513 frctus
234 445 298 510 sibi
320 449 389 512 tam
412 446 576 512 audaciter
599 447 786 530 obsisteret,
810 449 1016 532 respondisse
1038 450 1114 516 dici-

120 535 178 596 tnr:
200 531 439 599 ‘Senectute'
471 531 537 598 Sed
556 535 686 600 vivendi
709 538 760 598 est
777 535 1023 621 finis'optimus,
1041 559 1114 603 cum

120 620 357 706 integramente
371 622 531 705 certisque
546 623 693 687 sensibus
708 644 789 706 opus
803 623 875 706 ipsa
889 645 983 689 suum
993 626 1113 709 cadem,

100 723 190 790 ⁵quae
212 709 467 794 coagmentavit,
497 713 616 774 natura
643 709 801 775 dissolvit.
846 709 893 774 Ut
918 732 1048 796 navem,
1076 717 1113 777 ut

120 796 287 862 aedificium
309 797 396 866 idem
418 797 556 863 destruit
577 797 746 882 facillime,
769 798 825 882 qui
847 800 1041 883 construxit,
1068 801 1114 866 sic

118 883 270 950 hominem
299 885 411 951 eadem
439 885 575 969 optime,
607 908 689 968 quae
717 887 967 972 conglutinavit,
996 893 1113 953 natura
1154 907 1158 914 ·

120 971 265 1038 dissolvit.
310 972 381 1037 Iam
404 973 509 1038 omnis
533 974 769 1058 conglutinatio
792 979 905 1039 recens
928 997 1037 1062 aegre,
1067 977 1113 1040 in-

119 1063 252 1126 veterata
270 1059 367 1126 facilc
390 1060 563 1125 divellitur.
599 1061 652 1126 Ita
665 1061 724 1146 lit,
747 1065 785 1126 ut
807 1062 889 1127 illud
910 1064 1007 1128 breve
1025 1065 1113 1130 vitae

89 1163 109 1202 ιο
119 1146 266 1230 reliquum
287 1170 348 1212 nec
367 1148 459 1214 avide
478 1148 694 1233 adpetendum
712 1149 842 1214 senibus
860 1172 919 1215 nec
933 1151 1002 1216 sine
1016 1174 1113 1218 causa

119 1235 318 1308 deserendum
350 1235 406 1318 sit3
442 1239 594 1320 vetatque
622 1236 829 1322 Pythagoras
858 1237 983 1302 iniussu
1014 1239 1113 1324 impe·
1132 1247 1166 1296 73

118 1324 237 1407 ratoris,
266 1324 302 1388 id
325 1327 375 1388 est
398 1323 461 1407 dei,
484 1324 523 1388 de
545 1325 707 1409 praesidio
724 1329 764 1388 et
787 1324 928 1390 statione
950 1327 1037 1391 vitae
1062 1328 1114 1390 de·

118 1411 224 1476 cedere.
261 1409 393 1476 Solonis
417 1411 546 1495 quidem
568 1411 724 1497 sapientis
748 1415 798 1476 cst
821 1412 972 1498 elogium,
995 1435 1058 1495 quo
1079 1435 1113 1477 se

117 1503 204 1582 negat
225 1500 313 1564 velle
336 1520 428 1566 suam
451 1503 591 1566 mortem
614 1501 725 1564 dolore
745 1499 923 1566 amicorum
941 1505 974 1565 et
992 1501 1113 1565 lamen-

90 1585 153 1648 1⁵tis
168 1609 290 1652 vacare.
323 1585 412 1668 Volt,
435 1587 538 1670 credo,
561 1609 595 1652 se
619 1609 689 1652 esse
711 1588 927 1671 earum'suis3
948 1589 1005 1652 sed
1027 1589 1114 1652 haud

118 1673 173 1737 scio
196 1698 237 1740 an
259 1674 378 1741 melius
401 1673 540 1740 Ennius:

153 1760 270 1828 Nemo
303 1784 360 1831 me
391 1763 574 1828 lacrumis
607 1762 761 1827 decoret
791 1785 913 1912 neqfue
943 1764 1083 1829 funera

614 1857 616 1862 '
749 1857 751 1861 '
871 1852 953 1915 lctu

234 1938 362 2004 Fexit.
792 1961 795 1968 ’

116 2021 181 2090 Non
201 2029 315 2092 censet
333 2025 506 2110 lugendam
521 2033 591 2090 e'sse
605 2027 762 2105 mortain,
777 2045 874 2107 quam
892 2025 1112 2090 inmortalitas

89 2117 332 2198 sconsequatur.
363 2113 433 2178 Iam
456 2135 569 2178 sensus
581 2112 750 2182 moriendi
774 2112 890 2196 aliquis
910 2134 980 2178 esse
994 2117 1113 2198 potest,
1132 2121 1166 2171 74

116 2197 195 2282 isque
217 2201 262 2266 ad
285 2200 437 2286 exiguum
459 2204 597 2285 tempus,
620 2200 812 2284 praesertim
835 2200 914 2283 seni,
935 2205 1011 2286 post
1029 2223 1113 2267 mor·

117 2289 173 2351 tem
194 2288 326 2372 quidem
350 2309 462 2354 sensus
485 2293 542 2353 aut
566 2288 727 2372 optandus
748 2291 807 2352 aut
831 2289 941 2354 nullus
960 2293 1018 2354 est.
1050 2287 1113 2355 Sed

116 2371 168 2440 hoc
189 2377 384 2443 meditatum
411 2377 452 2442 ab
486 2375 704 2442 adulescentia
731 2375 826 2442 debet
847 2379 941 2460 csse,
972 2381 1112 2442 mortem

117 2466 147 2524 ut
161 2466 383 2550 neglegamus
407 2464 475 2529 sine
494 2486 559 2548 qua
576 2463 785 2528 meditatione
803 2464 982 2549 tranquillo
1003 2465 1112 2529 animo

88 2563 176 2616 essse
196 2574 295 2618 nemo
313 2555 431 2636 potest.
475 2549 678 2618 Moriendum
702 2551 788 2616 enim
810 2555 896 2618 certe
920 2556 983 2636 est,
1011 2557 1044 2618 et
1066 2553 1113 2617 in·

117 2642 229 2708 certum
253 2662 296 2707 an
315 2639 377 2708 hoc
393 2641 467 2724 'ipso
487 2639 546 2704 die.
577 2638 717 2704 Mortem
734 2639 836 2723 igitur
855 2640 1004 2704 omnibus
1022 2641 1113 2704 horis

116 2723 333 2809 inpendentem
349 2727 466 2794 timens
487 2727 542 2811 qui
559 2727 681 2812 poterit
695 2726 802 2790 animo
821 2726 1017 2790 consistere?
1049 2725 1164 2793 Detl5)

117 2833 171 2894 qua
191 2837 259 2880 non
276 2817 330 2880 ita·
342 2815 442 2901 longa
460 2815 679 2900 disputatione
697 2835 778 2897 opus
796 2835 865 2878 esse
883 2813 1021 2896 videtur,
1039 2835 1112 2878 cum

116 2903 255 2968 recorder
277 2925 344 2970 non
365 2903 401 2968 L.
423 2902 576 2986 Brutum,
606 2903 661 2986 qui
684 2902 719 2966 in
740 2901 909 2966 liberanda
929 2902 1038 2985 patria
1061 2906 1112 2966 est

88 2985 311 3074 ”interiectus
334 3012 400 3056 non
423 2991 503 3056 duos
516 2991 643 3074 Decios,
667 2989 722 3073 qui
735 2989 776 3053 ad
794 2989 1011 3066 voluntariam
1028 3011 1112 3054 mor·
1131 2996 1164 3046 75

44 3103 45 3126 1
116 3077 175 3140 tem
207 3101 343 3149 cursum¹
364 3099 519 3162 equorum
545 3079 775 3160 incitaverunt,
806 3077 873 3141 non
898 3076 942 3140 M.
964 3077 1112 3162 Atilium,
1162 3093 1167 3098 ’

44 3179 46 3248 p
117 3164 165 3244 qui
187 3166 228 3230 ad
250 3166 452 3251 supplicium
464 3165 705 3250 est'profectus,
723 3167 760 3229 ut
777 3165 875 3230 fidem
892 3164 981 3252 hosti
1002 3164 1112 3229 datam

44 3251 46 3294 l
116 3259 326 3337 conservaret,
353 3276 419 3320 non
442 3254 524 3318 dnos
545 3251 725 3338 Scipiones,
747 3253 808 3336 ,qui
834 3253 898 3316 iter
920 3251 1036 3317 Poenis
1060 3255 1112 3318 vel

116 3341 296 3424 corporibus
312 3342 378 3406 ruis
394 3343 561 3408 obstruere
574 3341 755 3423 voluerunt,
778 3361 844 3404 non
859 3361 955 3405 avum
969 3344 1062 3406 tuum
1075 3341 1111 3406 L.
1126 3389 1128 3395 ,

86 3421 257 3512 ³⁵Paulum,
291 3430 346 3512 qui
377 3433 482 3495 morte
510 3429 571 3494 luit
599 3430 744 3514 collegae
771 3427 806 3491 in
833 3426 995 3493 Cannensi
1021 3431 1112 3514 igno-

117 3511 210 3579 minia
226 3517 452 3602 temeritatem,
474 3538 541 3582 non
558 3516 601 3582 M.
619 3516 817 3602 Marcellum,
833 3517 925 3582 cuius
943 3516 1111 3582 interitum
