2570 3944
354 143 579 200 ORATIONUM.
598 145 631 198 Α.
651 143 717 198 xm
735 145 888 214 Arg-ae.
1061 143 1127 230 273

123 311 277 392 testatum,
308 312 344 372 ut
359 327 436 374 aare
457 326 578 388 pessare
598 307 780 389 praeterire,
811 311 840 372 et
867 307 961 387 facile
986 306 1129 390 patiebar

122 397 205 462 nihil
228 417 279 461 me
304 394 419 460 addere
443 394 484 459 ad
507 394 641 460 alterius
663 394 851 480 perieulum.

189 484 219 550 5.
243 481 300 548 Sin
327 487 413 548 esset
439 483 616 550 iudicatum
642 504 708 548 non
735 483 837 547 videri
863 483 969 549 virum
991 484 1128 568 ven-isse,

124 591 222 658 quom
244 573 307 636 iste
328 571 471 636 venisset
495 622 501 634 .
526 623 532 636 .
557 622 563 638 .

95 681 109 721 5
190 662 219 725 6.
246 659 294 724 Ut
320 659 417 724 11166
444 659 561 724 iudicio
588 664 756 743 tamquam
781 681 798 722 6
825 658 996 746 naufragio
1023 659 1128 724 nudus

123 749 263 813 emersit.
309 746 372 830 (Of.
395 746 498 828 Que'nt.
527 747 619 813 VIII
636 752 666 813 3.
689 747 754 830 81.)

190 837 218 900 7.
243 835 346 916 Quint.
370 835 462 901 1⁷10.
480 839 572 918 918q.
595 835 730 918 Infinita
751 838 796 900 est
816 855 920 900 rerum
942 838 1129 918 comparatio

125 961 163 972 -
189 944 226 990 ea
250 924 390 1004 faciliore
414 925 451 988 ab
473 921 616 989 Clodium
642 929 672 988 et
692 921 872 990 mamam:
903 923 951 988 Ae
973 925 1060 1008 vide,
1087 947 1129 990 an

123 1012 219 1078 facile
241 1011 311 1076 fieri
333 1015 371 1075 tu
392 1011 553 1096 potueris,
577 1034 650 1077 eum
672 1011 701 1076 is
723 1011 828 1077 faetus
851 1033 918 1077 non
940 1013 996 1098 sit,
1019 1013 1070 1080 eui
1092 1017 1129 1080 tu

85 1121 111 1161 ιο
125 1099 321 1168 concessisti.

116 1188 127 1210 '
191 1190 220 1254 8.
243 1185 370 1272 Syriam
393 1186 456 1251 sibi
478 1209 538 1252 nos
562 1192 654 1253 extra
676 1187 822 1254 ordinem
844 1189 999 1273 polliceri.

190 1277 219 1342 9.
243 1275 455 1343 creditoribus
479 1277 546 1340 suis
570 1298 661 1361 spem
684 1280 849 1342 ostentare
875 1277 1058 1362 provinciae
1085 1279 1128 1344 vi-

126 1365 262 1430 deretur.

192 1455 243 1520 10.
256 1452 388 1538 Augeat
404 1473 559 1539 magnum
573 1451 733 1537 quendam
747 1453 911 1518 cumulum
926 1454 1009 1519 aeris
1024 1455 1129 1521 aliem'.

86 1559 111 1600 15
193 1543 242 1607 11.
264 1540 430 1627 Ingemuit
452 1541 583 1627 gravius
606 1540 751 1606 timidior
775 1541 905 1625 quidam
928 1542 1076 1609 creditor.

193 1630 242 1697 12.
265 1628 444 1694 Confirmat
466 1651 501 1694 se
524 1629 664 1694 comitiis
687 1629 910 1695 consularibus
933 1626 1056 1697 Romae
1081 1633 1129 1698 fu·

125 1723 244 1784 turum.
802 1721 803 1725 ’

194 1807 243 1872 13.
267 1805 372 1872 Tanto
391 1806 480 1891 prius
500 1805 541 1870 ad
558 1806 720 1871 aerarium
742 1806 841 1891 venit,
863 1811 901 1872 ut
922 1807 969 1871 ibi
991 1829 1032 1872 ne
1055 1809 1130 1874 seri·

125 1896 201 1961 bam
224 1894 353 1979 quidem
377 1915 571 1978 quemquam
594 1893 777 1960 offenderet.

86 2001 112 2041 20
194 1984 244 2048 14.
268 1983 371 2064 Quint.
392 1982 450 2048 IX
467 1986 499 2050 2.
517 1987 559 2048 96
582 1983 721 2047 Tertium
742 1987 903 2066 autpertus
923 1981 1131 2068 (εἰρωνείας),

125 2073 160 2136 ia
185 2085 244 2154 quo
269 2072 337 2137 sola
361 2071 471 2136 malas
496 2071 616 2137 ditandi
635 2072 754 2153 petam
784 2069 916 2148 oeeusmj
948 2071 1071 2154 adeoque
1098 2072 1133 2137 td

126 2157 228 2226 eruero
258 2176 321 2225 aaa
350 2163 446 2242 putet
474 2178 536 2226 esse
565 2160 703 2242 pesitum
737 2159 773 2224 in
807 2160 1001 2226 mantione
1056 2159 1132 2226 Tale

125 2253 169 2314 est
189 2247 277 2326 laud,
298 2268 357 2329 qao
378 2249 459 2312 idem
480 2249 632 2314 atterite
650 2246 811 2313 audian:
835 2247 957 2324 Quibus
980 2248 1131 2333 iste‚„qui

126 2335 235 2400 emnia
254 2335 410 2402 saerifieia
427 2339 548 2418 nosset,
570 2335 666 2400 faeile
685 2335 726 2400 ab
745 2356 780 2400 se
799 2335 875 2401 deos
894 2336 1016 2421 placari
1034 2357 1131 2421 posse

73 2439 111 2482 '2⁵
127 2424 355 2488 arbitrabatur.

195 2513 243 2578 15.
266 2510 348 2577 Oum
372 2533 406 2576 se
429 2511 471 2576 ad
492 2511 621 2595 plebem
643 2511 890 2582 transiremus
914 2512 1047 2597 diceret,
1074 2513 1130 2578 sed

126 2601 241 2664 misere
263 2599 383 2664 fretum
406 2599 547 2664 transire
570 2603 709 2684 euperet.

194 2689 243 2753 16.
265 2687 359 2754 Hane
382 2688 549 2772 loquacem
573 2685 717 2753 Siciliam
739 2709 805 2752 non
828 2686 981 2772 despexit.

194 2776 244 2842 17.
267 2775 481 2842 Aeeesserunt
503 2776 551 2840 ita
573 2776 681 2861 pauci,
703 2779 740 2841 ut
764 2797 836 2840 eum
858 2797 923 2840 non
947 2775 989 2841 ad
1011 2775 1127 2841 contio·

83 2881 112 2922 eo
125 2885 212 2946 nem,
235 2864 291 2929 sed
315 2886 470 2949 sponsum
493 2863 613 2929 diceres
638 2863 820 2929 advocasse.

194 2954 242 3018 18.
266 2953 356 3018 euius
380 2952 608 3017 satisdationes
632 2971 759 3036 semper
782 2951 931 3017 <licuntur
953 2950 1069 3018 induci.
1151 2947 1159 3016 .'

193 3041 243 3106 19.
265 3041 415 3126 intellego
440 3061 537 3125 quam
559 3040 594 3104 in
617 3040 785 3106 absentem
807 3061 878 3105 esse
901 3039 1042 3106 dicenda.

191 3129 242 3194 20.
260 3127 407 3194 Primum
424 3129 523 3194 homo
547 3127 644 3193 durus
666 3149 703 3194 aa
721 3128 846 3213 priscus
864 3129 1009 3194 invectus
1029 3131 1079 3192 est
1097 3128 1132 3192 in

4 3229 5 3232 ’
125 3235 190 3300 eus,
213 3217 269 3301 qui
287 3239 397 3282 mense
415 3215 524 3303 Aprili
542 3216 628 3301 apud
645 3215 743 3281 Baias
757 3221 870 3301 *essent
892 3219 926 3281 et
943 3216 1035 3300 aquis
1056 3216 1131 3282 eali-

81 3321 109 3362 ee
125 3304 174 3370 dis
188 3309 364 3373 uterentur.
390 3304 473 3382 Quid
486 3327 559 3370 eum
573 3305 635 3370 hoe
647 3305 777 3370 homine
791 3305 885 3370 nobis
900 3308 969 3370 tam
986 3304 1075 3370 tristi
1094 3325 1131 3370 ae

123 3393 258 3458 severo?
281 3391 358 3457 Non
371 3398 507 3478 possunt
517 3393 552 3458 hi
566 3415 672 3472 meres
686 3393 770 3459 ferre
783 3393 868 3459 hune
882 3397 950 3458 tam
966 3396 1130 3458 austerum

123 3485 157 3545 61
179 3486 249 3547 tum
271 3481 496 3548 vehementem
519 3482 722 3569 magistrum,
744 3502 802 3566 per
826 3503 920 3568 quem
945 3482 1130 3548 hominibus

176 3592 231 3637 ere.
244 3593 286 3636 rv.
300 3594 320 3636 a.
937 3591 968 3641 re
