2492 3946
136 149 181 214 28
534 147 584 201 na
603 147 753 204 oramus

85 288 128 353 23
204 307 343 373 Omnino
366 307 446 372 illud
472 308 659 392 honestum,
692 307 776 392 quod
809 329 848 373 ex
881 309 988 373 animo
1016 309 1150 374 excelso

87 365 119 416 ⁷⁹
138 396 373 482 magnificoque
396 396 593 479 quaerimus,
616 396 716 460 animi
739 395 886 478 efficitur,
908 416 975 460 non
996 396 1149 480 eorporis

137 484 269 549 viribus.
304 483 526 548 Exereendum
548 487 659 549 tamen
681 504 797 568 eorpus
820 487 854 547 et
871 483 919 547 ita
937 483 1149 550 afficiendum

137 576 201 654 est,
214 574 252 635 ut
270 570 422 636 oboedire
439 571 575 636 consilio
593 571 775 654 rationique
793 571 900 656 possit
917 570 952 635 in
970 591 1149 654 exsequen-

138 659 188 724 dis
210 658 352 745 negotiis
375 663 408 723 et
430 659 465 722 iu
487 658 599 725 labore
616 658 796 723 tolerando.
824 657 1009 723 Honestum
1032 662 1147 724 autem
1175 679 1197 720 s

137 746 184 831 id,
207 747 293 830 quod
311 746 522 831 exquirimus,
539 749 646 810 totum
665 750 716 810 est
732 745 877 831 positum
894 746 930 810 in
948 746 1049 810 animi
1067 767 1149 811 eura

139 839 173 900 et
195 834 406 920 cogitatione3
432 834 467 898 in
495 855 558 918 quo
583 854 651 899 non
677 834 835 898 minorem
862 834 1040 899 utilitatem
1068 835 1148 898 affe·

137 925 228 1006 runt,
251 922 307 1005 qui
328 921 436 1006 togati
458 922 506 986 rei
527 921 676 1006 publicae
693 925 863 1006 praesunt,
887 943 984 1005 quam
1002 922 1059 1005 qui
1076 922 1148 986 bel-

138 1010 208 1075 lum
237 1012 363 1095 gerunt.
411 1008 526 1092 Itaque
558 1029 670 1074 eorum
701 1009 836 1074 eonsilio
865 1029 961 1094 saepe
993 1013 1050 1073 aut
1077 1031 1148 1074 non

140 1101 289 1181 suscepta
307 1100 364 1161 aut
382 1096 528 1162 confecta
545 1096 634 1161 bella
652 1100 743 1179 sunt,
760 1118 827 1162 nou
844 1117 1022 1180 numquam
1041 1097 1145 1162 etiam
1163 1117 1198 1157 ru

138 1184 255 1268 inluta,
276 1187 315 1249 ut
331 1183 375 1249 Μ.
389 1181 523 1249 Catonis
545 1185 668 1249 bellum
684 1184 820 1248 tertium
832 1183 999 1268 Punicum,
1021 1185 1057 1249 in
1079 1205 1148 1268 quo

86 1289 121 1339 80
139 1273 239 1337 etiam
262 1271 384 1339 mortui
406 1272 510 1338 valuit
528 1272 713 1337 auctoritas.
750 1270 856 1347 Quare
874 1272 1052 1356 expetenda
1076 1273 1149 1356 qui·

139 1359 212 1424 dem
235 1360 341 1446 magis
364 1364 415 1424 est
438 1360 626 1425 decernendi
647 1359 733 1424 ratio
758 1381 855 1444 quam
874 1359 1059 1425 decertandi
1080 1360 1149 1425 fur-

139 1447 260 1532 titudo,
274 1448 331 1512 sed
348 1447 534 1530 cavendum,
551 1469 592 1511 ne
609 1447 643 1512 id
660 1447 805 1512 bellandi
823 1448 928 1533 magis
946 1448 1027 1534 fuga
1045 1469 1148 1532 quam

138 1536 294 1601 utilitatis
311 1535 437 1601 ratione
454 1534 620 1600 faciamus.
652 1533 781 1600 Bellum
799 1540 908 1600 autem
925 1535 974 1601 ita
992 1536 1148 1621 suscipis·
1165 1556 1197 1597 rs

140 1626 209 1706 tur,
234 1627 272 1687 ut
298 1622 382 1686 nihil
404 1622 492 1687 aliud
512 1622 577 1686 nisi
599 1644 663 1706 pax
686 1623 833 1706 quaesita
854 1623 1011 1689 videatur.

204 1708 313 1774 Fortis
348 1729 425 1775 vero
462 1710 563 1774 animi
598 1714 631 1774 et
667 1711 849 1775 constantis
881 1715 932 1776 est
969 1733 1035 1776 nou
1071 1732 1149 1796 per·

139 1797 266 1862 turbari
294 1797 330 1862 in
351 1796 448 1862 rebus
471 1797 594 1882 asperis
620 1819 679 1862 nee
700 1798 955 1864 tumultuantem
978 1799 1018 1864 de
1041 1798 1149 1884 gradu

140 1885 234 1970 deici,
267 1889 305 1950 ut
339 1884 468 1969 dieitur,
502 1886 558 1951 sed
589 1886 753 1970 praesenti
784 1886 892 1951 animo
923 1886 973 1952 uti
1004 1891 1037 1951 et
1068 1908 1149 1952 eon-

87 1989 120 2038 81
140 1973 214 2038 silio
236 1994 295 2039 nee
317 1995 338 2038 a
355 1974 481 2039 ratione
508 1973 677 2038 discedere.
722 1972 924 2058 Quamquam
946 1975 1008 2040 hoe
1036 1975 1148 2060 animi,
1163 1995 1194 2036 ao

139 2061 222 2127 illud
258 2061 358 2126 etiam
393 2061 516 2147 ingenii
550 2061 662 2146 magui
698 2065 762 2143 est,
801 2062 986 2146 praecipere
1022 2061 1148 2148 eogita-

139 2150 228 2215 tione
268 2148 380 2214 futura
419 2152 452 2212 et
492 2148 660 2232 aliquanto
701 2152 776 2213 anta
817 2149 1027 2232 constituere,
1067 2149 1149 2234 quid

140 2235 282 2302 accidere
313 2235 418 2320 possit
448 2235 484 2300 in
514 2240 685 2319 utramque
711 2240 853 2322 partem,
884 2241 917 2302 et
949 2237 1026 2320 quid
1048 2259 1148 2323 agen-

141 2324 217 2388 dum
253 2323 309 2407 sit,
350 2344 423 2389 eum
459 2323 537 2407 quid
572 2323 727 2407 evenerit,
761 2345 820 2390 nee
860 2325 1076 2409 committere,
1108 2330 1149 2391 ut

140 2410 314 2495 aliquando
345 2409 515 2475 dicendum
541 2411 597 2476 sit:
625 2409 712 2476 ‘Non
738 2411 911 2496 putaram'.
955 2411 1045 2478 Haec
1068 2417 1148 2478 sunt
1163 2431 1195 2474 ss

141 2520 240 2583 opera
257 2497 369 2650 maqni
387 2498 488 2563 animi
511 2503 544 2563 et
562 2499 680 2564 excelsi
703 2502 736 2562 et
754 2498 927 2584 prudentia
944 2501 1147 2584 consilioque

140 2586 283 2670 fidentis;
332 2607 437 2651 emere
465 2589 573 2652 autem
600 2585 635 2650 in
658 2586 725 2652 aeie
748 2587 872 2652 versari
895 2591 928 2652 et
949 2607 1049 2653 manu
1071 2609 1148 2654 uum

140 2675 235 2740 hoste
257 2673 431 2762 confligere
453 2675 593 2740 immune
617 2673 769 2758 quiddam
791 2678 825 2739 at
846 2674 1016 2740 beluarum
1039 2676 1148 2741 simile

142 2767 205 2848 est3
235 2762 292 2828 sed
321 2785 393 2829 eum
425 2766 552 2848 tempus
582 2761 821 2845 necessitasque
850 2764 1009 2848 postulat,
1038 2763 1147 2829 derer-

140 2851 275 2916 tandum
307 2872 406 2915 manu
438 2855 488 2915 est
520 2855 564 2915 et·
584 2870 673 2915 mors
705 2850 855 2915 servituti
886 2851 1147 2936 turpitudinique
1163 2869 1192 2912 aa

142 2937 373 3021 anteponenda.

89 3004 133 3132 824
207 3025 258 3090 De
280 3025 461 3091 evertendis
485 3029 593 3090 autem
620 3024 870 3109 diripiendisque
892 3027 1028 3091 urbibus
1049 3025 1149 3094 valde

143 3112 409 3180 considerandum
432 3117 483 3177 est
504 3134 545 3177 ne
564 3112 642 3196 quid
658 3117 793 3196 temere,
810 3134 851 3177 ne
869 3113 947 3197 quid
965 3114 1148 3180 crudeliter.

141 3200 242 3284 quue
270 3206 321 3266 est
352 3200 464 3286 magni
490 3201 566 3284 viri,
597 3201 694 3265 rebus
722 3201 856 3286 agitatis
883 3202 998 3286 punire
1026 3207 1149 3287 sontes,

141 3288 383 3354 multitudinem
405 3309 609 3372 conservare,
631 3288 665 3351 in
684 3288 772 3352 omni
789 3288 922 3354 fortuna
940 3293 1029 3355 reeta
1047 3293 1193 3374 atquem

142 3377 280 3442 honesta
307 3375 455 3442 retinere.
506 3373 554 3440 Ut
585 3375 671 3440 enim
701 3380 790 3459 sunt,
819 3397 915 3459 quem
945 3376 986 3443 ad
1013 3378 1149 3443 modum

144 3485 243 3549 supra
267 3462 346 3547 dixi,
370 3463 425 3546 qui
447 3462 579 3528 urbanis
603 3463 700 3528 rebus
717 3463 852 3529 bellicas
872 3469 1081 3552 anteponant,
1100 3466 1149 3532 sie

78 3829 232 3891 A—
