2542 3950
438 165 608 222 INGERTA.
627 167 660 221 Κ.
679 173 774 224 8-28.
1044 170 1109 234 413

106 327 179 396 VII
198 348 230 409 p.
256 329 308 392 54.
332 332 376 392 16
401 327 447 392 Et
476 329 511 392 in
536 329 691 410 plerisque
718 328 821 394 Oioero
851 332 971 394 oidetnr
1000 331 1111 396 anditn

100 436 240 482 ememm
266 417 472 499 scriptionem,
499 418 558 497 qni
579 423 608 481 et
630 416 798 482 ‘Aiiacem’
825 423 855 482 et
876 417 1031 482 ‘Maiiam'
1052 440 1111 500 per

101 506 163 570 dno
185 506 198 568 i
220 503 379 568 scribendo
400 505 593 569 existimarit.

173 593 222 656 19.
241 591 499 674 Sen.ep.111.1
517 592 601 672 Qnr'd
620 599 760 659 vocentur
777 593 890 658 Latine
913 596 1110 678 σοφίσματα,

74 681 226 763 opinens
244 701 266 744 o
283 700 338 744 me.
373 681 473 744 Mnlti
495 686 716 762 temptooernnt
736 683 801 748 iltis
822 701 932 747 nomen
949 685 1110 764 imponere,

101 769 225 834 nnllnm
246 767 346 832 haesit
369 803 418 833 —.
453 769 660 850 Aptissimum
683 776 784 835 tomen
805 771 924 835 videtne
945 772 1031 854 mihi,
1053 791 1111 852 qno

103 855 207 923 Gioero
228 877 304 922 nens
325 861 385 920 est:
408 855 655 922 ‘cavillationes'
678 864 771 923 noent.
794 895 836 906 -
856 856 907 939 Of.
930 858 991 924 (lio.
1013 860 1111 923 Amet.

103 945 150 1008 II
168 949 221 1010 24.
245 947 287 1008 75
309 947 459 1009 contorta.
486 949 518 1009 et
541 946 688 1010 aculeata
716 948 872 1030 quaedam
896 947 1111 1031 sophismate3

105 1033 152 1097 sio
175 1032 261 1097 enim
284 1033 491 1116 appellantur
514 1033 646 1098 fallaces
670 1035 957 1100 conclusiunculae.

63 1135 90 1176 ¹⁰
171 1122 237 1202 [20.
259 1119 342 1186 Sero.
367 1121 452 1204 Vero.
474 1122 543 1187 Eoi.
562 1122 612 1186 VI
630 1129 673 1187 33
694 1123 824 1204 Iri'qnidi
845 1122 945 1205 ipris]
967 1122 1058 1207 Porri,
1079 1124 1113 1188 iel

104 1214 149 1274 est
169 1209 308 1288 aetherei,
330 1229 419 1291 prtem
441 1207 545 1276 Oioero
568 1209 720 1294 ‘ignitum
743 1209 921 1296 liquorem,
935 1212 1031 1290 dicit]

172 1298 237 1378 [21.
259 1295 343 1362 Sero.
367 1296 452 1380 Verp.
474 1299 542 1363 Eoi.
563 1297 622 1362 IX
641 1303 686 1364 42
709 1297 828 1364 theoto:
850 1299 1111 1382 umbraculisque

105 1385 321 1450 silvestribus.
350 1421 388 1432 -
418 1384 466 1467 Of.
492 1388 529 1451 de
555 1385 627 1470 hepp.
656 1386 717 1470 frp.
743 1391 765 1450 4
796 1387 831 1450 in
862 1387 929 1451 illis
962 1388 1111 1452 nlnorum

105 1473 330 1554 umbraculis]

65 1584 91 1625 m
171 1563 224 1628 22.
250 1563 416 1644 Anymtin.
442 1563 536 1646 repul.
560 1563 596 1628 T.
625 1562 656 1627 V
666 1584 701 1645 p.
723 1565 793 1628 516.
814 1566 857 1627 17
878 1563 961 1628 Keil.
983 1563 1112 1628 Diotnm

104 1655 150 1716 est
161 1670 183 1715 a
195 1649 337 1716 menon
349 1652 385 1716 de
391 1651 582 1733 philosophie
596 1649 825 1732 ‘morturiuntss
838 1653 919 1716 mori
931 1653 1112 1718 desiderent.

173 1739 224 1803 23.
248 1738 369 1804 Cleonis.
391 1740 417 1802 I
428 1760 463 1821 p.
485 1745 557 1804 137.
578 1743 625 1804 27
647 1738 822 1803 ‘Maioreis'
846 1738 966 1818 Oieero,
987 1746 1025 1805 nt
1044 1739 1111 1805 Pli-

104 1828 178 1893 nino
199 1828 301 1892 eodem
323 1827 401 1892 libro
422 1825 495 1908 (VI
512 1826 600 1891 drohii
620 1827 785 1908 sermome)
806 1832 900 1892 notet.

172 1917 224 1980 24
250 1917 347 1980 Ams.
373 1915 467 1980 Meos.
488 1935 523 1996 p.
545 1918 616 1980 222
640 1914 738 1980 Doim
763 1915 856 1979 oioem
883 1919 983 1991 mom,
1009 1916 1044 1979 id
1069 1920 1113 1980 est

65 2009 227 2088 eapropter
245 2009 274 2068 te
288 2004 380 2068 doleo.
418 2001 520 2068 Oioero
537 2001 575 2068 de
591 2004 696 2066 domo:
720 2005 753 2066 ot
770 2002 818 2066 rei
835 2023 866 2086 p.
884 2001 987 2067 vicem
1005 2002 1111 2087 lugeo.

108 2128 147 2140 —
177 2093 212 2157 7.
235 2092 344 2156 Helm.
367 2093 403 2154 de
424 2111 458 2155 re
475 2111 507 2172 p.
525 2111 558 2172 p.
581 2094 653 2157 852.
675 2095 728 2156 20.

171 2179 224 2244 25.
246 2179 324 2244 [sict.
346 2178 459 2258 Differ.
481 2184 543 2244 191
567 2178 602 2242 Τ
621 2178 697 2260 Vp.
719 2181 764 2244 25
786 2179 909 2244 Areon.
933 2177 1111 2259 ‘Effernnt',

104 2269 160 2350 qni
181 2272 355 2350 enpmtont,
371 2288 432 2350 per
452 2268 513 2332 dero
532 2267 559 2350 f,
581 2265 721 2345 ‘efermnt'
744 2272 860 2344 omnm,
881 2269 937 2349 qni
957 2268 1112 2333 mommo

106 2356 264 2438 ettollnnt,
286 2375 346 2437 per
366 2375 465 2419 mnnm
484 2355 509 2434 f.
554 2353 673 2420 Gioero:
700 2352 847 2419 Nimium
869 2353 1009 2418 fortasse
1032 2355 1112 2420 haee

67 2463 93 2504 m
108 2444 159 2508 illi
182 2443 318 2509 eferunt.

173 2533 225 2596 26.
242 2533 373 2614 Anpmot.
390 2529 484 2612 repul.
504 2530 539 2596 Τ.
563 2528 595 2594 7
605 2550 640 2611 p.
658 2531 730 2597 520.
748 2533 792 2595 26
809 2528 852 2594 K.
876 2528 937 2596 Uhi
954 2531 1112 2612 pominoto

105 2641 128 2685 n
148 2621 250 2684 littera
271 2621 307 2684 in
329 2619 517 2684 nominativo
539 2622 591 2694 est,
612 2637 724 2682 nomen
745 2622 796 2695 eot,
818 2638 882 2682 non
898 2620 1111 2700 perticipium,

106 2713 142 2773 nt
163 2707 289 2790 ‘fotum
312 2708 470 2789 inpennno,
493 2707 620 2783 ordonn,
643 2707 789 2788 oordnmo,
811 2707 952 2789 enmono,
974 2706 1111 2790 beluus’,

105 2802 143 2861 nt
164 2795 268 2861 Cicero
290 2796 384 2878 dimit,
406 2800 435 2860 et
456 2795 543 2859 tolio.
712 2830 717 2840 .

3 2943 4 2946 ,
67 2901 94 2944 eo
173 2885 225 2949 27.
239 2880 360 2950 Ohonh.
373 2883 399 2946 I
410 2904 445 2965 p.
459 2887 531 2948 132.
543 2887 589 2948 27
603 2880 708 2945 ‘Irim'
720 2902 782 2963 pro
796 2880 937 2946 ‘Imiten'
951 2883 1046 2948 Maro
1062 2919 1112 2966 —,

107 2992 177 3037 enm
198 2977 310 3037 constet
330 2973 436 3037 omnio
455 2971 591 3036 Graecae
611 2971 730 3056 [ipmroe
747 2971 936 3035 nominativo
958 2971 1112 3052 sinpnhrri

105 3061 276 3144 issyhmho
303 3061 470 3125 terminato
492 3060 627 3141 perietioo
653 3059 808 3141 einpnlori
833 3059 952 3141 ptimo
978 3079 1111 3141 cresone,

106 3149 176 3216 lieet
202 3150 301 3214 Varro
328 3154 357 3213 et
380 3148 502 3212 Tollius
527 3153 556 3212 et
577 3145 704 3212 Oinoim
725 3181 768 3194 —
791 3145 894 3211 ‘horim
917 3144 1061 3231 Sarapis'
1084 3153 1113 3212 et

107 3236 211 3302 ‘hmine
233 3235 307 3301 Isis'
330 3237 473 3302 dinerint.

66 3339 94 3381 ee
174 3326 239 3405 [28.
262 3325 353 3390 Proh.
376 3324 483 3389 cathol.
506 3323 532 3387 Ι
551 3324 586 3387 Τ.
609 3322 668 3389 17
679 3345 712 3406 p.
734 3327 787 3389 28.
809 3325 853 3388 17
873 3328 903 3388 et
922 3323 1009 3387 Mor.
1030 3323 1111 3388 Plot.

3 3459 6 3474 .
106 3418 165 3478 ort.
189 3433 321 3496 promm.
343 3413 390 3477 ΙΙ
409 3413 444 3476 Τ.
473 3411 525 3477 VI
541 3432 575 3493 p.
597 3417 670 3477 479.
693 3419 714 3477 9
743 3411 830 3492 Quod
855 3411 1022 3477 Sallustius
1048 3414 1111 3476 oit:

3 3543 4 3556 .
107 3499 162 3565 ‘od
169 3501 279 3566 bettnm
288 3501 379 3566 Persi
386 3499 641 3581 Macedonicum,
654 3521 717 3567 non
729 3501 960 3566 declinationem
973 3500 1110 3583 mntooit,
