2504 3950
147 202 211 269 102
541 198 590 254 DE
610 197 761 254 omens

145 364 289 450 quidem,
312 363 369 429 sed
390 381 456 428 non
479 360 561 427 satie
584 361 685 442 acuti,
707 361 818 426 fictam
841 363 875 425 et
892 358 1158 426 commenticiam

145 453 292 520 fabulam
315 451 478 538 prolatam
501 449 612 515 dicunt
635 471 655 513 a
677 449 829 532 Platone,
861 448 954 532 quasi
986 467 1064 512 vero
1098 447 1158 511 ille

146 540 349 607 subiectum
371 539 405 604 id
428 559 499 603 esse
522 541 579 604 aut
600 537 672 602 ficri
693 537 840 621 potuisse
862 534 1029 601 defendat!
1065 533 1158 600 Haec

147 633 198 694 est
220 629 270 694 vis
293 628 387 693 huius
411 627 501 694 anuli
524 631 558 692 et
579 625 675 691 huius
698 624 851 709 exempli:
879 624 907 689 si
934 643 1030 689 nemo
1058 623 1158 689 scitu·

146 737 216 801 rue,
242 738 338 783 nemo
365 735 406 781 ne
434 716 656 800 suspicaturus
684 713 814 796 quidem
840 712 898 795 sit,
928 731 1001 777 oum
1029 711 1159 797 aliquid
1186 730 1199 770 e

147 805 343 889 divitiarum,
365 804 541 890 potentiae,
564 801 803 884 dominationis,
826 799 970 866 libidinis
993 820 1092 866 causa
1111 799 1160 864 fe-

147 895 244 976 ceris,
278 894 309 958 si
339 893 373 956 id
405 891 454 955 dis
488 889 738 974 hominibusque
772 889 921 954 futurum
952 888 997 953 sit
1029 909 1159 972 semper

146 983 311 1067 ignotum,
333 980 420 1044 sisne
442 978 597 1044 facturus.
641 975 775 1064 Negant
797 975 832 1041 id
852 977 924 1043 fieri
945 995 1052 1062 posse.
1093 974 1159 1040 Ne

147 1090 311 1153 quaquam
333 1071 444 1154 potest
465 1067 499 1132 id
522 1066 665 1151 quidem3
688 1065 744 1130 sed
767 1085 901 1148 quaero,
924 1065 1011 1148 quod
1032 1068 1159 1152 negant

147 1177 258 1242 posse,
284 1156 318 1220 id
346 1153 375 1221 si
400 1159 526 1240 posset,
553 1155 707 1240 quidnam
731 1153 886 1219 iacerent.
930 1151 1083 1238 Urguent
1105 1175 1159 1218 ru-
1174 1174 1200 1213 ιο

148 1245 229 1310 stica
252 1265 343 1328 sane3
363 1248 488 1330 negant
510 1243 595 1308 enim
618 1261 714 1328 posse
737 1246 771 1306 et
793 1242 827 1306 in
850 1261 889 1306 co
907 1245 1071 1325 perstant,
1094 1240 1160 1308 hoc

148 1333 283 1398 verbum
310 1332 388 1417 quid
414 1332 537 1415 valeat,
561 1351 630 1397 non
651 1329 771 1394 vident.
816 1327 898 1394 (lum
922 1329 1008 1394 enim
1031 1330 1159 1414 quaeri-

144 1440 234 1506 mus,
257 1421 286 1486 si
308 1422 413 1486 celare
435 1420 576 1504 possint,
599 1419 676 1502 quid
697 1416 817 1483 facturi
839 1418 919 1500 sint,
945 1439 1011 1482 non
1030 1418 1159 1502 quaeri·

147 1531 235 1594 mus,
260 1509 430 1594 possintne
456 1508 575 1589 celare,
603 1506 659 1570 sed
681 1510 850 1589 tamquam
872 1508 1039 1571 tormenta
1061 1527 1159 1592 quae

148 1598 224 1663 dam
243 1595 446 1679 adhibemus,
464 1599 515 1678 ut,
538 1594 567 1658 si
584 1594 810 1678 responderint
828 1613 862 1658 se
880 1593 1065 1678 inpunitate
1083 1615 1159 1680 pre
1175 1613 1200 1653 re
1250 1629 1251 1678 3

209 1685 256 1750 ita
281 1683 441 1766 facturos,
472 1682 559 1766 quod
591 1681 753 1767 expediat,
784 1681 984 1747 facinorosos
1017 1703 1053 1747 se
1085 1703 1160 1748 esse
1250 1681 1251 1686 ’

146 1707 322 1855 ld'reanrur,
341 1771 369 1835 si
387 1775 521 1858 negent,
535 1771 645 1836 omnia
661 1770 771 1856 turpia
789 1791 847 1854 per
862 1791 896 1834 se
914 1769 987 1858 ipsa
999 1769 1159 1856 fugiende

148 1881 218 1926 esse
241 1860 425 1926 concedent.
470 1856 533 1925 Sed
560 1858 626 1924 iam
654 1857 695 1922 ad
716 1859 921 1943 propositum
943 1863 1158 1924 revertamur.

94 1932 139 2058 {gl
214 1945 366 2015 Incidunt
397 1948 520 2014 multae
553 1967 649 2032 saepe
678 1967 806 2028 causae,
845 1965 927 2031 quae
959 1948 1159 2014 conturbent

148 2039 274 2103 animos
296 2036 451 2102 utilitatis
475 2035 594 2121 specie,
616 2056 682 2100 non
705 2056 778 2099 cum
796 2034 859 2100 hoo
878 2034 1085 2118 deliberetur,
1108 2057 1158 2100 re
1173 2055 1199 2095 ro

147 2125 363 2209 linquendane
397 2125 441 2189 sit
467 2123 622 2189 honestas
649 2127 783 2208 propter
810 2123 964 2188 utilitatis
992 2124 1158 2209 magnitu-

148 2213 255 2278 dinem
279 2209 369 2297 (nam
391 2211 425 2275 id
443 2211 573 2294 quidem
590 2211 775 2295 improbum
794 2209 869 2296 est),
893 2212 948 2276 sed
967 2209 1058 2295 illud,
1082 2233 1157 2296 pos-

147 2301 231 2365 sitne
254 2299 296 2383 id,
319 2299 406 2384 quod
428 2295 508 2362 utile
530 2297 687 2382 videatur,
710 2296 780 2362 fieri
802 2317 868 2364 non
889 2299 1037 2383 turpiter.
1071 2297 1158 2365 Cum

146 2385 311 2456 Collatino
339 2386 484 2472 collegae
506 2385 628 2451 Brutus
653 2386 827 2472 imperium
850 2388 1046 2473 abrogabat,
1064 2392 1157 2473 pote·

146 2482 199 2542 rat
225 2475 327 2540 rideri
353 2474 460 2540 fecere
486 2475 520 2539 id
547 2475 680 2559 iniuste;
706 2474 814 2540 fuerat
845 2475 930 2540 enim
957 2476 992 2539 in
1018 2476 1156 2562 regibus
1172 2492 1199 2533 2⁵

146 2561 343 2650 expellendis
367 2562 473 2628 socius
495 2561 591 2628 Bruti
613 2563 822 2628 consiliorum
845 2566 879 2627 et
897 2563 1033 2628 adiutor.
1071 2562 1158 2630 (lum

145 2656 255 2718 autern
277 2651 449 2717 eonsilium
467 2651 530 2717 hoc
546 2652 709 2737 principes
727 2651 902 2735 cepissent,
925 2652 1156 2736 cognationem

145 2737 285 2826 Superbi
306 2759 488 2824 nomenque
511 2739 761 2824 Tarquiniorum
789 2743 823 2804 et
845 2739 1036 2804 memoriam
1059 2742 1156 2826 regni

145 2849 215 2894 esse
238 2828 430 2911 tollendam,
454 2828 540 2913 quod
562 2829 633 2892 erat
655 2827 749 2910 utile,
772 2829 898 2912 patriae
920 2828 1097 2911 consulere,
1121 2829 1157 2893 id

145 2919 216 2981 erat
243 2916 292 2980 ita
317 2916 504 2995 honestum,
535 2920 573 2981 ut
605 2916 705 2980 etiam
735 2915 801 3000 ipsi
826 2914 992 2981 Collatino
1023 2916 1156 3000 placere
1171 2933 1199 2975 ao

145 3004 285 3069 deberet.
329 3003 445 3089 Itaque
464 3003 604 3070 utilitas
635 3003 741 3069 valuit
772 3008 906 3092 propter
936 3004 1158 3090 honestatem,

144 3090 213 3156 sine
237 3112 301 3176 qua
323 3109 364 3158 ne
386 3089 514 3158 utilitas
537 3089 668 3177 quidam
690 3111 761 3156 esec
783 3091 952 3175 potuisset.
988 3092 1036 3157 At
1058 3092 1093 3156 in
1116 3113 1157 3159 eo
1249 3117 1250 3145 1

90 3195 124 3244 ⁴¹
143 3181 471 3335 {tatewit
498 3180 1042 3354 {stittltlltmtttl
1066 3199 1157 3334 {tt

142 3354 256 3419 utilius
280 3355 387 3422 solum
415 3378 513 3440 quam
540 3373 613 3422 cum
637 3357 741 3422 altero
763 3375 913 3442 regnare,
940 3355 1079 3422 fratrem
1105 3357 1154 3420 in·
1171 3373 1198 3413 ³⁵

143 3442 281 3507 teremit.
325 3441 446 3509 Omisit
467 3445 520 3509 hio
547 3449 581 3508 et
606 3445 762 3530 pietatem
786 3448 820 3508 et
840 3444 1092 3527 humanitatem,
1116 3449 1156 3508 ut

142 3527 189 3614 id,
217 3529 303 3613 quod
329 3530 410 3595 utile
440 3531 612 3597 uidebatur
638 3553 744 3616 neque
767 3535 850 3616 erat,
877 3533 1007 3616 assequi
1029 3536 1155 3618 posset,
