2504 3950
356 191 424 249 LIB.
441 194 488 252 III.
520 195 597 251 CAP.
617 202 642 264 6,
662 201 685 250 7.
717 201 734 262 ὅ
751 202 865 253 28-34.
1068 196 1112 262 99

102 353 214 418 inutili
233 353 276 418 ad
294 353 484 439 sapientem,
501 356 636 440 bonum,
652 356 772 423 fortem
790 356 897 423 virum
914 358 1112 424 transferan-

101 445 157 506 tur
175 463 229 507 res
248 441 292 506 ad
309 441 481 508 vivendum
498 445 713 523 necessariae,
730 443 786 528 qui
804 446 834 509 si
851 445 1012 531 ceciderit,
1030 447 1112 511 rnul-

101 534 174 595 tnm
202 530 242 594 de
270 531 434 595 communi
460 531 604 596 utilitate
627 532 817 617 detraxerit,
850 534 945 600 modo
973 535 1035 600 hoc
1063 534 1111 598 ite

101 618 219 702 faciat,
241 622 280 682 nt
300 638 342 683 ne
363 618 433 702 ipsc
456 619 495 684 de
513 641 548 684 se
570 621 653 685 bene
669 620 861 685 existimans
885 641 1017 706 seseque
1040 622 1110 687 dili-

77 706 1112 882 ⁵stss.ltt,iltt.lrlt*..·t.tt”tt.ltteti

104 903 334 967 quamsaepe
361 903 591 967 commemoro,
621 883 782 949 humanae
813 885 971 952 societati.
1024 883 1112 950 Nam
1130 903 1163 952 aa

104 969 191 1054 qnod
206 969 249 1034 ad
262 968 429 1034 Phalarim
443 971 576 1049 attinet,
588 971 742 1056 perfacile
756 972 909 1039 indicium
923 978 982 1039 est.
1008 972 1112 1039 Nulla

104 1063 154 1123 est
173 1056 263 1122 enim
281 1058 419 1122 societas
437 1059 533 1123 nobis
552 1079 624 1124 cum
639 1061 801 1145 tyrannis,
814 1065 847 1126 et
860 1062 970 1146 potius
985 1083 1112 1130 samma

66 1165 91 1204 u
103 1145 277 1211 distractio
295 1149 361 1224 est,
378 1167 482 1230 neque
500 1151 551 1211 eet
568 1151 682 1213 eontm
699 1151 851 1214 naturam
869 1150 1011 1234 spoliare
1029 1171 1113 1232 eum,

103 1235 132 1300 si
153 1232 278 1319 posis,
301 1255 396 1317 quem
419 1239 469 1299 est
486 1235 659 1301 honesturn
676 1257 803 1314 necare,
821 1241 919 1320 atque
936 1237 999 1303 hoc
1017 1259 1112 1303 omne

103 1342 208 1408 genus
231 1321 422 1406 pestiferum
444 1327 544 1408 atque
563 1324 700 1408 impium
722 1345 762 1388 ex
785 1324 954 1390 homiuum
971 1347 1111 1390 comma·

102 1411 209 1476 nitate
233 1410 512 1476 exterminandum
534 1416 593 1476 est.
629 1410 770 1496 Etenim,
792 1416 830 1476 ut
851 1413 999 1478 membra
1017 1434 1111 1496 qnae

103 1499 180 1564 dam
213 1501 433 1582 amputantur,
466 1499 494 1563 si
526 1503 559 1564 et
589 1500 663 1584 ipsa
695 1500 851 1586 sanguine
883 1504 916 1565 et
942 1504 1111 1584 tarnquam

64 1603 90 1642 ιε
104 1586 226 1671 spiritu
253 1607 361 1650 carere
384 1592 560 1671 coeperunt
591 1592 624 1652 et
654 1593 772 1654 nocant
799 1588 933 1673 reliquis
962 1588 1111 1674 partibus

103 1673 264 1759 corporis,
288 1673 335 1739 sic
356 1673 423 1739 ista
443 1674 479 1739 in
501 1675 608 1764 figura
629 1676 770 1742 hominis
787 1676 902 1742 feritas
924 1681 958 1742 et
975 1677 1111 1742 inmani-

102 1767 156 1828 tas
178 1761 296 1826 beluae
319 1783 339 1826 a
361 1763 524 1828 communi
550 1767 717 1848 tamquam
740 1765 954 1830 humanitatis
976 1787 1111 1850 corpore

104 1849 309 1936 segreganda
331 1853 390 1914 est.
434 1849 540 1916 Huius
568 1853 695 1937 generis
719 1852 924 1936 quaestiones
947 1857 1024 1916 suut
1045 1873 1111 1918 om·

102 1959 161 2002 nes
185 1959 257 2020 eae,
279 1937 314 2001 in
337 1938 454 2022 quibus
477 1961 516 2004 ex
538 1943 685 2025 tempore
708 1939 850 2005 officium
873 1940 1061 2023 exquiritur.

66 2043 91 2084 aa
170 2024 253 2092 Eius
281 2025 369 2090 modi
396 2025 498 2114 igitur
520 2027 614 2094 credo
641 2048 693 2093 res
715 2027 907 2093 Panaetium
930 2031 1112 2113 persecuta·
1130 2009 1163 2134 {3

103 2137 177 2178 rum
199 2113 317 2196 trisse,
343 2113 408 2179 nisi
430 2115 532 2199 aliqui
558 2137 653 2181 casus
676 2120 733 2181 aut
756 2116 924 2202 occupatio
948 2116 1016 2181 eius
1039 2137 1111 2182 con·

104 2202 217 2266 silium
239 2201 441 2286 peremisset.
480 2203 534 2268 Ad
556 2225 637 2287 quas
666 2203 754 2289 ipsas
782 2205 1037 2270 consultationes
1060 2226 1111 2270 su·

103 2288 288 2374 perietibus
307 2290 400 2355 libris
419 2291 500 2356 satis
518 2292 624 2356 multa
640 2296 815 2377 praecepta
832 2298 917 2378 sant,
937 2315 977 2358 ex
995 2293 1112 2378 quibus

104 2378 247 2462 perspici
270 2379 387 2463 possit,
411 2379 488 2462 quid
510 2379 555 2443 sit
576 2383 711 2464 propter
732 2381 966 2466 turpitudinem
988 2379 1112 2465 lugien-

68 2482 91 2523 a
105 2466 195 2550 dum,
220 2465 299 2550 quid
321 2466 377 2549 sit,
400 2466 487 2551 quod
508 2467 627 2533 ideirco
649 2467 839 2554 fugiendum
861 2469 1003 2552 nonsit,
1027 2467 1113 2552 qnod

104 2553 238 2618 omnino
262 2557 357 2638 turpe
382 2574 449 2619 non
475 2554 529 2620 sit.
573 2551 636 2619 Sed
658 2557 811 2640 quoniam
838 2557 929 2642 operi
949 2556 1112 2639 inchoato,

104 2663 207 2727 prope
229 2645 342 2706 temen
359 2642 511 2707 absoluto
534 2646 702 2727 tamquam
724 2643 895 2728 fastigium
917 2644 1113 2728 inponimus,

105 2734 142 2793 ut
165 2733 353 2816 geometrae
376 2731 483 2795 solent
505 2751 571 2796 non
589 2730 699 2796 omnia
718 2731 843 2808 docere,
860 2731 918 2794 sed
935 2730 1113 2816 postulare,

104 2822 142 2882 ut
165 2817 325 2902 quaedam
352 2818 416 2883 sibi
444 2818 668 2902 concedantur,
695 2840 759 2903 quo
780 2817 922 2902 facilius,
950 2839 1032 2902 quae
1058 2839 1112 2883 vo·

71 2906 193 2989 alma,
221 2905 395 2990 explicent,
423 2905 469 2971 sic
497 2927 557 2992 ego
586 2928 606 2971 a
631 2909 664 2971 te
687 2907 832 2992 postulo,
855 2907 901 2971 mi
923 2903 1049 2989 Cicero,
1075 2904 1113 2970 'ut

105 2993 187 3058 mihi
215 2994 384 3078 concedas,
411 2993 440 3058 si
466 2998 573 3079 potes,
599 2994 684 3059 nihil
709 2998 839 3079 praeter
860 2994 894 3058 id
939 2993 1026 3078 qnod
1056 2994 1112 3059 ho-

105 3085 236 3146 nestum
260 3081 316 3165 eit,
339 3085 473 3167 propter
491 3103 526 3146 sc
545 3103 615 3148 esse
635 3083 855 3167 expetendum.
892 3043 949 3147 §in
967 3081 1029 3146 hoo
1046 3102 1113 3146 non

106 3169 182 3236 licet
209 3189 269 3254 per
296 3167 500 3254 Cratippum,
528 3173 563 3236 at
588 3170 671 3234 illud
698 3175 784 3236 certe
810 3170 916 3249 dabis,
944 3168 1030 3253 quod
1057 3168 1113 3234 ho

107 3261 236 3324 nestum
263 3257 320 3337 sit,
346 3257 381 3323 id
408 3279 478 3323 esse
505 3278 654 3323 maxume
676 3262 810 3344 propter
833 3279 868 3324 ae
891 3255 1112 3343 expetendum.

75 3344 188 3410 amini
214 3346 376 3412 utramvis
404 3345 484 3412 satis
512 3351 563 3412 est
592 3350 626 3411 et
652 3350 723 3411 tum
745 3347 821 3432 hoc,
842 3349 914 3412 tum
936 3345 1018 3411 illud
1041 3367 1112 3430 pro

108 3433 249 3499 habilius
279 3434 408 3500 ridetur
438 3455 497 3500 nec
528 3438 698 3521 practerea
730 3434 902 3522 quicquam
934 3434 1112 3519 probabile.

110 3521 155 3588 Ac
181 3522 323 3607 primum
349 3522 385 3589 in
410 3522 474 3589 hoe
495 3521 670 3588 Panaetius
698 3523 912 3589 defendendus
940 3526 1003 3656 est,
1027 3518 1139 3603 quoda

635 3625 638 3636 ’
919 3629 933 3676 r
