2504 3950
140 155 184 222 98
530 153 580 208 uu
600 153 751 209 cuncus

141 317 330 383 societatem
343 315 522 382 eommunis
535 312 695 380 utilitatis
706 335 805 380 cauea
823 317 973 380 statuunt
991 334 1063 378 esse
1077 337 1153 379 cum

141 405 388 490 civibus,·quae
422 403 584 469 sententia
616 423 744 468 omnem
772 403 961 468 societatem
994 401 1154 468 distrahit

141 493 293 558 civitatis.
338 491 400 569 oui
423 496 533 558 autem
560 491 679 557 civium
706 490 867 556 rationem
892 490 1003 556 dieunt
1025 490 1152 556 haben-

142 582 229 665 dam,
252 584 459 646 externorum
480 583 617 666 negant,
639 577 664 644 ii
686 578 844 643 dirimunt
866 599 1072 644 communem
1095 579 1153 644 hu·
1241 615 1242 620 κ

141 666 1093 838 tettintattttte,qatdl‘tlttltlt’
1115 667 1188 768 ¹¹

142 846 278 928 tollunt,
303 807 410 910 'etiam
442 807 596 910 adversus
614 842 701 908 'deos
728 843 919 908 inmortales
950 804 1046 928 impii
1072 777 1154 908 inili-

142 933 236 1000 candi
259 937 343 998 sunt,
388 931 442 997 Aa
469 932 510 996 iis
538 931 624 996 enim
652 931 865 997 constitutam
891 931 979 995 inter
1000 930 1152 996 homines

143 1021 331 1086 societatem
359 1023 521 1102 evertunt,
548 1019 638 1085 cuius
666 1019 831 1084 societatis
859 1019 1061 1084 artissimum
1085 1019 1153 1084 vin·

143 1109 251 1175 culum
274 1113 325 1174 est
347 1109 453 1195 magis
473 1107 627 1173 arbitrari
649 1124 720 1172 ease
739 1111 853 1173 eontra
875 1110 1029 1174 naturam
1046 1107 1152 1173 homi·
1166 1126 1190 1165 ιο

141 1217 217 1263 nem
239 1197 365 1263 homini
387 1197 556 1262 detrahere
585 1195 635 1261 sui
658 1195 819 1261 commodi
841 1217 939 1261 causa
962 1216 1063 1279 quam
1087 1215 1153 1261 om·

142 1286 197 1352 nia
223 1285 428 1352 incommoda
456 1284 564 1350 subire
590 1285 643 1349 vel
672 1287 805 1348 externa
831 1284 884 1348 vel
911 1283 1058 1368 eorporis

143 1375 196 1440 vel
228 1374 327 1440 etiam
358 1373 461 1459 ipsius
493 1373 607 1449 animi,
637 1393 720 1456 quae
751 1374 868 1437 vacent
895 1371 1040 1455 iustitia3
1072 1372 1154 1438 hacc
1241 1451 1242 1456 ἵ

144 1463 229 1528 enim
255 1484 321 1528 una
347 1462 452 1527 virtus
480 1461 624 1525 omnium
651 1463 703 1524 est
730 1459 861 1524 domina
888 1461 921 1523 et
947 1459 1063 1544 regina
1091 1461 1154 1524 vir·
1241 1463 1242 1554 3

143 1555 259 1615 tutum.
1167 1565 1193 1606 ¹⁵
1241 1565 1242 1582 ¹

93 1652 124 1701 ae
209 1637 362 1702 Forsitan
390 1635 551 1720 quispiam
579 1635 708 1700 dixerit:
736 1634 853 1700 Nonne
880 1635 984 1720 igitur
1012 1636 1155 1721 sapiens,

145 1725 173 1790 si
199 1725 286 1790 fame
312 1725 383 1809 ipse
410 1723 607 1802 conficiatur,
635 1723 809 1789 abstulerit
835 1723 943 1788 cibum
972 1723 1070 1788 alteri
1098 1724 1155 1790 ho-

144 1812 225 1878 mini
247 1813 288 1877 ad
311 1812 438 1878 nullam
460 1833 528 1877 rem
551 1810 648 1876 utili?
689 1811 836 1892 [Minime
858 1831 950 1895 vero;
976 1812 1155 1877 nonenim

145 1901 226 1966 mihi
249 1903 300 1966 est
321 1900 390 1966 vita
417 1922 490 1966 mea
516 1900 629 1965 utilior
657 1921 755 1984 quam
778 1899 879 1965 enimi
900 1900 978 1964 talis
1002 1899 1154 1982 adfectio,

143 1989 305 2054 neminem
332 1993 370 2053 ut
396 1989 516 2053 violem
543 1987 704 2053 commodi
726 1988 789 2052 mei
812 1987 943 2073 gratia]
989 1985 1098 2062 Quid?
1126 1989 1195 2052 siaa

144 2077 328 2159 Phalarim,
346 2076 509 2140 crudelem
526 2079 700 2158 tyrannum
720 2079 756 2139 et
772 2076 950 2159 inmanem,
968 2075 1155 2159 virbonus,
1241 2097 1242 2144 l

144 2185 185 2228 ne
217 2163 287 2248 ipse
318 2163 442 2248 frigore
473 2163 675 2248 conficiatur,
706 2163 829 2228 vestitu
861 2163 1003 2248 spoliare
1036 2163 1155 2248 possit,
1241 2165 1242 2238 ξ

92 2266 127 2314 30
145 2271 251 2316 nonne
278 2249 401 2316 faciat?
446 2249 536 2315 Haec
567 2251 609 2316 ad
639 2251 844 2316 iudicandum
877 2254 953 2315 sunt
983 2250 1154 2316 facillima.
1241 2239 1242 2333 3

145 2337 246 2423 Nam,
269 2339 297 2402 si
315 2337 392 2423 quid
411 2338 452 2402 ab
475 2337 606 2403 homine
624 2339 665 2404 ad
682 2339 808 2404 nullam
825 2341 953 2424 partem
971 2338 1047 2403 utili
1065 2339 1156 2404 utili·
1241 2335 1242 2426 3

146 2427 225 2492 tatis
247 2430 323 2491 tuae
345 2447 444 2491 eausa
466 2424 657 2510 detraxeris,
683 2427 859 2492 inhumane
884 2425 1001 2492 feceris
1024 2430 1154 2493 contra·
1169 2447 1195 2487 ss
1241 2427 1242 2506 3

147 2536 209 2599 que
231 2516 367 2580 naturae
389 2514 510 2600 legem,
534 2515 586 2578 sin
607 2518 716 2579 autem
738 2515 767 2579 is
790 2518 827 2578 tu
851 2515 910 2598 sis,
933 2515 989 2599 qui
1011 2515 1155 2580 multam
1241 2515 1242 2592 j

146 2601 325 2667 utilitatem
347 2601 395 2666 rei
417 2602 567 2687 publicae
585 2606 682 2686 atque
700 2599 869 2667 hominum
888 2601 1052 2686 societati,
1072 2603 1101 2668 si
1117 2603 1155 2668 in

146 2691 216 2756 vita
233 2711 414 2774 remaneas,
437 2688 562 2754 adferre
580 2689 701 2775 possis,
725 2690 753 2754 si
772 2690 850 2773 quid
867 2690 909 2756 ob
928 2711 1001 2755 eam
1019 2711 1155 2756 causam
1241 2683 1242 2716 ³

147 2779 244 2844 alteri
266 2778 456 2857 detraxeris,
477 2799 546 2844 uon
563 2779 607 2842 sit
624 2777 929 2863 reprehendendum.
966 2775 1024 2842 Sin
1042 2783 1155 2844 autem

146 2867 180 2931 id
200 2887 269 2931 non
294 2867 339 2930 sit
360 2867 429 2931 eius
452 2866 553 2949 modi,
583 2887 677 2930 suum
699 2865 813 2949 cuique
840 2866 1082 2931 incommodum
1108 2867 1156 2931 fe
1169 2887 1197 2926 sc

147 2953 282 3019 rendum
304 2957 355 3019 est
377 2954 487 3038 potius
510 2951 669 3038 quamde
693 2953 828 3018 alterius
851 2954 1028 3020 commodis
1048 2955 1158 3020 detra·
1241 2969 1242 2974 ’

147 3042 296 3107 handum.
336 3040 410 3107 Non
434 3042 536 3127 igitur
557 3041 664 3126 magis
687 3045 739 3106 est
760 3045 874 3107 contra
894 3045 1047 3108 natuam
1069 3063 1158 3108 mor-

147 3132 208 3195 bus
238 3133 295 3196 aut
321 3133 464 3216 egestas·
478 3133 535 3194 aut
562 3129 639 3213 quid
666 3129 734 3194 eius
762 3129 850 3195 modi
873 3151 970 3213 quam
994 3131 1157 3196 detractio

148 3221 245 3302 atque
259 3218 417 3302 appetitio
432 3217 540 3302 alieni,
553 3217 609 3282 sed
623 3217 802 3283 communis
816 3217 970 3283 utilitatis
986 3219 1156 3286 derelictio

96 3321 128 3370 31
149 3308 263 3376 eontra
279 3309 432 3370 naturam
450 3309 514 3389 est3
536 3309 587 3370 est
605 3305 691 3371 enim
709 3305 839 3372 iniusta
874 3305 991 3391 Itaque
1009 3307 1063 3372 lex
1080 3307 1157 3393 ipsa
1171 3325 1198 3367 ss

147 3395 297 3478 naturae,
325 3413 406 3476 quae
432 3393 612 3459 utilitatem
638 3394 807 3460 hominum
831 3398 1001 3460 conservat
1024 3398 1058 3460 et
1081 3417 1157 3461 con-

148 3481 244 3564 tinet,
272 3478 421 3546 decernet
448 3481 608 3567 profecto,
635 3487 673 3547 ut
700 3483 741 3548 ab
771 3483 901 3548 homine
928 3483 1027 3548 inerti
1055 3487 1157 3568 atque
