2578 3950
156 181 224 246 224
578 177 740 235 TIMAEUS

156 345 287 428 praeter
310 340 484 406 admodum
506 359 626 425 paucos
649 360 755 423 neque
777 347 907 404 nomine
925 338 1095 424 appellant
1111 359 1169 402 ne.

157 451 219 514 que
242 430 328 493 inter
351 449 386 494 se
412 449 547 493 numero
573 427 834 494 commetiuntur.
878 426 993 510 Itaque
1017 425 1166 491 nesciunt

156 518 218 583 hos
241 517 383 582 siderum
406 537 531 582 errores
553 515 587 579 id
609 516 717 600 ipsum
740 535 824 597 esse,
854 514 939 598 quod
962 513 1025 578 rite
1048 513 1166 579 dicitur

156 609 294 690 tempus,
317 605 524 670 multitudine
541 603 678 686 infinita,
696 602 854 668 varietate
873 601 1058 667 admirabili
1075 621 1167 686 prae·

157 693 251 758 ditos.
284 691 333 757 Ac
355 695 466 757 tamen
488 691 571 755 illud
592 690 734 776 perspici
756 694 789 756 ct
806 687 955 775 intellegi
973 693 1091 775 potest,
1109 689 1166 754 ab·
1194 705 1209 748 ⁵

157 781 266 846 soluto
289 779 495 865 perfectoque
514 799 649 844 numero
667 778 825 862 temporis
844 778 1030 843 absolutum
1045 799 1167 842 annum

156 869 400 954 perfectumque
435 870 507 931 tum
539 867 694 950 compleri
727 866 876 950 denique,
919 887 993 931 cum
1025 886 1059 932 se
1090 868 1166 931 octo

158 957 300 1020 ambitus
323 953 479 1020 confectis
502 954 569 1019 suis
593 953 740 1019 cursibus
764 954 805 1019 ad
827 954 913 1018 idem
941 957 1039 1037 caput
1065 955 1167 1018 rettu-

156 1045 275 1126 lerunt,
297 1063 433 1128 cumque
456 1061 512 1108 ecs
534 1061 723 1125 permensus
744 1043 796 1107 est
812 1041 899 1106 idem
918 1045 952 1105 et
969 1061 1097 1126 semper
1115 1041 1168 1105 sui

104 1147 138 1197 34
157 1131 274 1196 similia
298 1130 395 1195 orbis.
440 1128 510 1195 Has
533 1129 636 1215 igitur
658 1130 700 1194 ob
723 1149 838 1195 causas
861 1132 940 1195 nata
962 1133 1053 1194 astra
1080 1131 1168 1210 sunt,
1183 1147 1210 1186 1⁰

158 1239 240 1304 quae
262 1239 321 1302 per
344 1219 469 1283 caelum
491 1217 698 1303 penetrantia
721 1217 891 1282 solstitiali
914 1237 948 1282 se
971 1220 1004 1281 et
1024 1217 1168 1282 brumali

156 1306 362 1372 revocatione
385 1310 623 1389 converterent,
650 1311 686 1371 ut
709 1305 771 1372 hoc
799 1327 893 1370 omne
917 1305 1051 1389 animal,
1080 1305 1166 1388 quod

157 1395 312 1477 ridemus,
335 1398 421 1458 esset
443 1393 494 1458 illi
517 1394 664 1478 animali,
692 1393 778 1478 quod
800 1393 973 1476 sentimus,
1001 1393 1042 1457 ad
1065 1396 1168 1458 aeter·

155 1483 270 1547 nitatis
294 1482 511 1548 imitationem
534 1481 747 1546 simillimum.

106 1571 146 1636 10
218 1569 263 1635 nt
277 1573 384 1636 cetera
398 1569 527 1653 quidem
540 1589 642 1654 usque
658 1569 699 1634 ad
713 1569 870 1654 temporis
884 1573 993 1634 ortum
1005 1570 1167 1653 impressa
1182 1584 1208 1625 ¹⁵

156 1658 197 1723 ab
221 1658 297 1740 illis,
320 1679 402 1741 quae
420 1657 621 1739 imitabatur,
644 1657 831 1739 ecfinxcrat3
854 1657 910 1722 sed
928 1656 1005 1740 quia
1022 1656 1168 1720 nondum

155 1766 252 1810 omne
265 1745 386 1810 animal
400 1745 435 1810 in
448 1744 568 1810 mundo
581 1744 670 1810 intus
683 1744 869 1828 incluserat,
883 1765 922 1808 ex
935 1766 975 1809 ea
987 1747 1081 1830 parte
1091 1743 1167 1808 deli·

155 1833 262 1898 ciebat
272 1828 313 1898 ad
322 1832 527 1918 propositum
536 1832 863 1918 exemplarimaginis
873 1832 1061 1897 similitudo.
1079 1830 1167 1906 Quot
1282 1871 1283 1951 q

155 1921 257 2008 igitur
275 1924 308 1986 et
327 1922 439 2004 quales
458 1921 649 1986 animalium
665 1920 788 1985 formas
807 1940 898 1985 mens
914 1920 1104 2005 inspeciem
1118 1941 1166 1985 re·

154 2031 227 2073 rum
249 2009 378 2073 intuens
401 2012 532 2093 poterat
555 2029 700 2090 cernere,
723 2008 860 2073 totidem
883 2011 917 2072 et
939 2008 1023 2072 tales
1046 2008 1081 2072 in
1102 2007 1167 2073 hoc
1180 2023 1207 2064 ²⁰

102 2111 136 2160 35
156 2096 275 2161 mundo
290 2117 398 2161 secum
416 2096 574 2180 cogitavit
587 2096 750 2181 effingere.
777 2094 883 2160 Erant
897 2099 1007 2161 autem
1021 2096 1166 2160 animan-

155 2184 238 2247 tium
253 2203 372 2268 genera
387 2186 550 2268 quattuor,
565 2203 702 2266 quorum
716 2204 816 2248 unum
830 2182 974 2248 divinum
984 2187 1082 2268 atque
1096 2205 1165 2249 cae
1281 2227 1282 2232 κ

155 2271 246 2352 leste,
270 2271 409 2334 alterum
431 2269 637 2355 pinnigerum
660 2274 694 2336 et
715 2271 846 2353 adrium,
869 2271 1003 2336 tertium
1020 2272 1166 2354 aqualc'le,
1280 2347 1281 2352 ἵ

154 2361 308 2422 terrestre
323 2360 484 2441 quartum.
502 2357 640 2422 Divinae
655 2358 863 2424 animationis
873 2359 1013 2424 maxime
1023 2360 1165 2444 speciem
1280 2401 1281 2430 ;

155 2445 296 2510 faciebat
314 2465 353 2508 ex
370 2445 455 2530 igne,
478 2448 562 2511 utet
577 2446 856 2530 splendidissimus
870 2451 957 2512 esset
978 2451 1013 2512 et
1029 2451 1165 2530 aspectu
1179 2461 1205 2504 2⁵
1280 2503 1281 2506 ,

154 2531 401 2616 pulcherrimus.
437 2531 582 2619 Cumque
606 2555 680 2600 cum
704 2534 844 2600 similem
865 2534 1009 2600 universi
1026 2539 1165 2600 naturae

155 2617 281 2684 efficere
299 2621 408 2705 vellet,
431 2621 472 2685 ad
490 2621 732 2688 volubilitatem
744 2622 932 2688 rotundavit
948 2623 1165 2706 comitemque

155 2729 228 2772 eum
247 2709 426 2793 sapientiae
445 2731 543 2793 quam
566 2710 710 2795 optimae
729 2711 846 2776 mentis
861 2710 967 2776 effecit
980 2711 1165 2794 circumque

155 2817 249 2860 omne
272 2797 397 2862 caelum
420 2798 599 2880 aequaliter
623 2797 804 2881 distribuit,
832 2802 870 2863 ut
891 2798 977 2863 hunc
1004 2799 1165 2864 varietate

155 2882 343 2949 distinctum
361 2885 443 2950 bene
463 2884 578 2950 Graeci
595 2881 733 2969 κόσμον,
751 2906 810 2951 nos
828 2885 990 2951 lucentem
1007 2887 1166 2954 mundum
1179 2902 1206 2942 ³⁰

101 2986 135 3035 ao
154 2970 404 3038 nominaremus.
436 2971 535 3036 Dedit
557 2977 668 3038 autem
688 2973 805 3038 divinis
825 2973 887 3039 duo
907 2993 1028 3059 genera
1045 2979 1166 3058 motus,

154 3077 263 3141 unum,
287 3059 373 3145 qnod
396 3079 524 3144 semper
546 3064 632 3125 esset
654 3061 689 3126 in
711 3061 824 3126 eodem
844 3061 868 3141 †
886 3061 925 3125 de
944 3083 1008 3145 quo
1027 3065 1060 3126 et
1078 3062 1166 3127 idem

154 3146 303 3212 omnibus
323 3151 420 3232 atque
447 3167 512 3213 uno
541 3149 637 3213 modo
665 3148 798 3231 celaret,
830 3149 983 3231 alterum,
1015 3150 1102 3232 qnod
1129 3151 1166 3215 in

155 3233 296 3298 anticam
319 3237 447 3319 purtem
470 3256 490 3299 a
513 3237 720 3301 conversione
744 3236 886 3302 ciusdem
909 3240 942 3301 et
960 3236 1078 3302 similis
1097 3239 1165 3322 pel-

153 3320 284 3385 leretur.
323 3320 470 3406 Quinque
493 3327 602 3388 autem
625 3323 758 3408 reliquis
781 3325 924 3389 motibus
948 3324 1065 3389 orbum
1089 3347 1165 3390 enm
1179 3341 1206 3394 ⁸5

153 3405 258 3470 voluit
281 3427 352 3472 esse
375 3412 408 3473 et
430 3413 608 3494 expertem,
635 3411 837 3477 immobilem
859 3415 892 3476 et
915 3414 1066 3476 stantem.
1112 3411 1165 3478 Ex

154 3513 218 3576 quo
242 3512 359 3577 genere
382 3516 420 3560 ea
443 3500 519 3561 sunt
541 3498 657 3582 sidera,
680 3520 762 3582 quae
784 3500 883 3564 infixa
901 3500 992 3565 caelo
1010 3520 1078 3566 non
1096 3513 1165 3566 mo·
