2578 3950
4 3011 13 3111 l

514 193 536 262 1,
554 193 588 250 11.
616 199 631 262 s
651 200 763 250 10-1a
1083 196 1148 262 201

135 376 207 420 rum
233 353 379 438 alieuius,
403 354 458 455 qui
482 357 672 422 marmoreis
696 356 772 422 teot'
764 377 791 420 rs
748 356 912 422 tebore
935 361 969 421 οι
991 377 1070 423 auro
1089 356 1149 422 ful-

136 441 305 528 gentibus,
328 442 384 526 qui
407 442 524 528 signis,
547 444 604 528 qui
626 445 763 530 tabulis,
786 445 842 529 qui
865 445 990 511 caelato
1014 466 1093 510 auro
1116 449 1150 510 et

135 534 283 616 argento,
308 530 363 632 qui
386 529 566 598 Corinthiis
590 533 742 617 operibus
766 533 945 616 abundant,
968 532 1068 598 anC.
1090 531 1149 598 Fa·

135 619 232 703 brici,
265 619 321 703 qui
348 618 430 684 nihil
458 620 575 685 habuit
560 623 733 704 tecnam,
771 621 854 686 nihil
886 621 1006 686 habere
1035 622 1150 706 voluit,

106 707 261 771 esimiles
285 706 411 772 malint.
388 707 562 792 tAtque
585 708 665 774 haec
689 671 827 792 quidem,
853 731 936 793 quac
958 709 1055 775 modo
1077 710 1149 794 huc,
1171 727 1200 774 ιι

137 795 233 860 modo
261 795 341 859 illuc
368 795 623 880 transferuntur,
652 796 748 863 facile
776 797 890 864 adduci
918 798 1025 863 solent
1050 799 1124 862 ut
1115 819 1150 862 m

136 883 232 948 bonis
255 883 352 948 rebus
376 903 446 949 esse
463 888 594 970 negent,
614 847 698 950 illud
718 889 788 950 arte
806 889 920 951 tenent
938 891 1149 970 accurateque

138 970 327 1050 defendunt,
362 973 566 1057 voluptatem
599 993 670 1038 esse
702 995 864 1038 summum
896 974 1031 1058 bonum3
1068 995 1149 1058 quae

139 1059 268 1144 quidem
286 1060 368 1125 mihi
386 1082 449 1125 vox
468 1059 625 1146 pecudum
643 1061 772 1127 videtur
790 1082 869 1144 esse,
887 1083 954 1127 ιιοιι
973 1062 1149 1127 hominum.

95 1167 122 1208 ιο
138 1147 197 1232 Tu,
214 1169 286 1213 oum
306 1148 368 1213 tibi
387 1148 456 1214 sive
475 1149 553 1214 daus
567 1150 636 1215 sive
655 1154 769 1234 mater,
786 1154 825 1214 ut
842 1150 890 1215 ita
910 1150 1023 1233 dicam,
1041 1172 1150 1215 rerum

139 1237 283 1302 omnium
306 1240 425 1302 natura
448 1237 573 1302 dederit
596 1238 755 1322 animum,
786 1259 849 1321 quo
876 1238 959 1302 nihil
986 1243 1037 1303 ost
1060 1259 1150 1324 prae

140 1325 280 1390 stantius
302 1346 406 1408 neque
430 1324 579 1409 divinius
602 1326 648 1391 sic
671 1330 704 1390 te
726 1327 797 1410 ipsc
821 1325 940 1390 abicies
962 1329 1059 1410 atque
1078 1347 1150 1410 pro-

140 1416 274 1496 sternes,
297 1416 334 1478 ut
355 1412 438 1477 nihil
462 1413 547 1479 inter
569 1417 603 1478 tc
624 1417 722 1497 atque
740 1414 827 1478 inter
845 1413 1075 1498 quadripedem
1093 1415 1151 1478 ali-

140 1523 238 1585 quam
263 1505 359 1587 putes
385 1501 565 1603 interesse?
611 1500 791 1586 Quicquam
818 1502 1018 1567 bonumt
968 1506 1018 1567 cst
1026 1501 1151 1586 ,quod

97 1607 124 1648 ro
140 1611 207 1656 non
230 1610 316 1672 eum,
339 1589 395 1674 qui
417 1590 452 1654 id
473 1589 633 1676 possidet,
604 1590 823 1656 tmeliorem
846 1589 949 1656 facit?
994 1588 1041 1655 Ut
1065 1590 1150 1654 enim
1171 1606 1203 1657 15

140 1682 191 1742 est
222 1678 357 1778 quisque
389 1678 529 1744 maxime
559 1640 638 1744 boni
669 1678 848 1764 particeps,
875 1678 923 1744 ita
958 1682 1009 1744 est
1042 1677 1151 1744 lauda-

138 1765 216 1830 bilis
243 1765 396 1849 maxima
425 1787 529 1849 neque
557 1770 607 1830 est
634 1767 738 1831 ullum
765 1763 900 1851 bonum,
928 1764 967 1831 de
995 1788 1058 1851 quo
1085 1788 1152 1831 non

139 1854 191 2010 {l
201 1853 939 2027 titillabitulttilnltlrltlh
939 1853 1024 2006 Olli
1042 1859 1152 2007 till

99 2029 290 2095 nobiliorem
312 2030 441 2096 virum?
469 2051 511 2096 an
540 2030 711 2115 quisquam
734 2031 769 2095 in
791 2030 953 2116 potiendis
975 2029 1151 2114 voluptati·
1286 2037 1287 2046 ’

141 2119 202 2183 bus
230 2117 400 2204 gloriando
429 2140 462 2184 se
490 2124 524 2184 et
551 2118 792 2204 praedicatione
825 2118 946 2184 ecfert?
991 2116 1095 2202 Atqui
1123 2118 1151 2182 si

142 2207 307 2291 voluptas,
335 2228 417 2290 quae
443 2207 658 2292 plurimorum
682 2207 872 2293 patrociniis
896 2205 1091 2291 defenditur,
1117 2206 1152 2271 in

141 2295 238 2360 rebus
260 2295 355 2361 bonis
378 2295 527 2362 habenda
548 2300 697 2380 nonest,
718 2317 819 2380 caque
838 2317 902 2380 quo
917 2298 968 2360 est
981 2295 1094 2378 maior,
1114 2315 1152 2360 co

100 2489 127 2530 a
141 2383 418 2537 hrttttlt
436 2382 1153 2538 nlt‘t‘lzltithtthllzsslll

142 2564 229 2626 recte
253 2559 369 2626 vivere.

461 2751 769 2819 PARADOXON
792 2751 833 2816 II.

225 2857 295 2926 ”On
318 2854 484 2946 αὐτάρκης
506 2854 527 2944 ἡ
551 2853 652 2946 ἀρετὴ
676 2854 761 2946 πρὸς
783 2853 1011 2940 εὐδαιμονίαν

210 3000 278 3068 Nec
305 3023 383 3103 verq
406 3022 467 3087 ego
490 3000 532 3066 M.
555 3001 738 3153 Regulumt
745 3018 976 3101 aerumnosum
994 3017 1054 3061 nec
1075 2995 1154 3061 inde
1175 3013 1206 3063 ιο

103 3106 129 3146 ³0
143 3090 240 3156 licem
257 3112 316 3156 nec
335 3089 488 3156 miserum
507 3111 661 3190 umquam
678 3087 801 3174 putavi.
832 3085 909 3153 Non
927 3086 1012 3150 enim
1031 3085 1155 3169 magni-

143 3178 223 3245 tudo
251 3177 351 3244 animi
379 3176 582 3244 cruciabatur
610 3177 678 3241 eius
706 3175 879 3260 aPoenis‚
905 3193 972 3239 non
999 3173 1154 3260 gravitas,

9 3330 10 3334 ,
143 3287 210 3332 non
231 3267 325 3351 fides,
348 3286 415 3331 ιιοιι
437 3264 635 3349 constantia,
656 3285 723 3330 non
745 3265 814 3330 ulla
836 3263 958 3345 virtus,
980 3282 1046 3327 non
1069 3261 1155 3326 deni·

144 3377 206 3439 que
230 3355 357 3420 animus
379 3354 459 3439 ipse,
482 3353 537 3438 qui
560 3356 612 3419 tot
633 3352 792 3418 virtutum
814 3351 975 3437 praesidio
998 3353 1155 3433 tantoque

144 3443 316 3521 comitatu,
343 3463 417 3508 cum
439 3463 557 3527 corpus
580 3441 649 3507 eius
672 3444 857 3526 caperetur,
880 3440 952 3526 capi
976 3439 1094 3505 certa
1084 3458 1155 3523 1pse

103 3546 129 3587 ιι
143 3551 209 3596 non
227 3491 344 3615 potuit.
381 3528 415 3596 O.
433 3551 511 3596 vero
530 3529 670 3596 Marium
689 3529 839 3614 vidimus,
863 3530 919 3614 qui
941 3528 1023 3594 mihi
1047 3546 1155 3592 secun-
