2512 3932
335 200 404 258 LIB.
422 201 444 256 I.
473 201 548 257 CAP.
570 207 681 260 11-13.
709 208 724 268 5
742 207 855 259 35-40.
1058 204 1100 270 15

91 363 261 463 proposita
285 363 392 449 gloria
414 366 474 446 est,
496 363 603 428 minus
625 363 740 429 acerbo
762 364 903 450 gerenda
925 369 1010 430 sunt.
1051 365 1098 432 Ut

92 473 176 516 emm
209 473 285 516 cum
317 451 379 516 civi
411 451 507 516 aliter
539 451 776 534 contendimus,
807 452 835 516 si
864 457 915 517 est
940 453 1100 537 inimicus,

90 540 194 620 aliter,
217 537 247 603 si
270 538 464 623 competitor
486 537 574 624 (cum
597 539 701 605 altero
724 543 888 606 certamen
909 541 1044 608 honoris
1065 547 1100 606 et

90 626 263 713 dignitatis
287 630 351 710 est,
377 649 449 692 oum
473 627 576 692 altero
600 627 716 712 capitis
740 632 773 692 et
800 625 930 713 famae),
958 629 1004 694 sio
1026 652 1100 696 eum

62 715 277 798 sCeltiberis,
300 737 373 782 eum
392 713 532 781 Cimbris
550 716 674 783 bellum
694 718 731 780 nt
754 737 827 780 eum
849 715 988 782 inimicis
1012 737 1100 802 gere

88 805 200 886 batur,
229 807 304 867 uter
331 808 429 887 esset,
459 824 526 868 non
553 807 626 868 uter
651 804 840 888 imperaret,
868 825 942 868 eum
964 803 1101 888 Latinis,

89 889 231 976 Sabinis,
255 889 464 974 Samnitibus,
485 890 616 974 Poenis,
638 890 764 975 Pyrrho
787 892 826 956 de
849 891 985 976 imperio
1009 892 1101 957 dimi-

88 981 236 1045 cabatur.
275 978 377 1044 Poeni
398 978 585 1064 foedifragi,
611 979 750 1046 crudelis
773 978 953 1063 Hannibal,
982 981 1100 1064 reliqui

86 1067 253 1134 iustiores.
296 1065 415 1150 Pyrrhi
442 1066 571 1150 quidem
601 1065 640 1131 de
670 1067 807 1153 captivis
840 1067 1009 1134 reddendis
1041 1070 1102 1134 illa

50 1175 74 1214 ro
87 1155 275 1240 praeclara:

130 1241 213 1307 Nec
226 1241 279 1308 mi
294 1263 426 1308 aurum
439 1264 559 1327 posco
572 1263 640 1308 neo
655 1243 704 1308 mi
717 1243 885 1327 pretinm
901 1243 1101 1328 dederitis,

130 1329 213 1396 Neo
241 1335 505 1414 cauponantes
531 1330 691 1416 bellum,
724 1330 790 1396 sed
815 1330 1102 1415 belligerantes

131 1417 268 1502 Ferro,
290 1439 365 1483 non
388 1439 480 1484 auro
503 1418 624 1484 vitam
646 1438 845 1484 cernamus
867 1417 1032 1501 utrique.
1174 1421 1177 1425 ’

131 1506 265 1572 Vosne
288 1506 385 1573 velit
407 1528 454 1570 an
476 1527 531 1570 me
553 1525 717 1591 regnare
741 1527 817 1590 era,
841 1505 979 1656 qpidve
996 1505 1102 1571 ferat

892 1614 955 1659 ors

6 1755 7 1766 ,
50 1699 74 1741 ιε
132 1681 296 1747 Virtute
328 1681 580 1767 experiamur.
633 1679 683 1746 Et
714 1681 784 1746 hoc
810 1681 935 1833 dsimul
959 1643 1101 1766 'accipe

835 1769 968 1835 ictum:

133 1857 304 1932 Quorum
325 1857 466 1922 virtuti
487 1856 585 1922 belli
607 1856 767 1923 fortuna
790 1856 977 1941 pepercit,

132 1944 355 2010 Eorundem
377 1945 559 2010 libertati
583 1965 639 2009 me
662 1964 818 2028 parcere
842 1947 988 2008 certum
1011 1947 1078 2008 est.

133 2033 261 2117 Dono,
284 2032 426 2116 ducite,
453 2032 577 2116 doque
598 2030 823 2098 volentibus
846 2053 928 2096 oum
951 2031 1099 2116 magnis

410 2129 414 2141 '
901 2117 967 2182 dis.

90 2208 228 2295 Regalis
256 2228 333 2272 sane
361 2211 394 2271 et
421 2207 520 2293 digna
546 2206 760 2275 Aeacidarum
787 2227 903 2292 genere
930 2207 1101 2272 sententia.

51 2316 77 2356 ao
158 2296 270 2379 Atque
299 2295 397 2360 etiam
424 2295 453 2360 si
481 2295 559 2378 quid
586 2295 707 2380 singuli
736 2295 938 2379 temporibus
971 2294 1100 2360 adducti
1113 2266 1152 2392 1333

90 2385 182 2450 hosti
207 2383 441 2468 promiserunt,
468 2386 519 2448 est
545 2382 579 2446 in
606 2404 644 2447 eo
671 2383 743 2468 ipso
770 2382 849 2446 fides
873 2382 1100 2463 conservanda,
1138 2375 1144 2392 “

90 2477 129 2537 ut
150 2471 259 2558 primo
281 2469 402 2536 Punico
425 2471 513 2536 bello
536 2469 682 2556 Regulus
705 2473 820 2554 eaptus
842 2491 862 2534 a
883 2468 1001 2534 Poenis
1027 2490 1100 2534 oum

92 2561 131 2626 de
144 2558 286 2644 captivis
302 2558 537 2624 commutandis
551 2557 689 2624 Romam
707 2557 825 2622 missus
845 2560 931 2624 esset
949 2557 1109 2622 iurasset.

92 2670 153 2732 que
178 2669 213 2712 se
236 2646 426 2730 rediturum,
446 2646 596 2730 primurn,
618 2650 655 2711 ut
678 2645 776 2728 venit,
802 2645 947 2730 captivos
970 2643 1101 2708 redden·

53 2753 77 2794 ²⁵
93 2738 151 2801 dos
174 2735 210 2799 in
233 2738 347 2800 senatu
370 2756 436 2800 non
458 2735 595 2818 censuit,
618 2732 747 2815 deinde,
770 2753 843 2797 cum
866 2730 1059 2795 retineretur
1082 2753 1101 2794 a

91 2823 285 2910 propinquis
308 2827 341 2888 et
364 2823 405 2887 ab
429 2823 554 2905 amicis,
568 2821 618 2907 ,ad
641 2818 835 2906 supplicium
858 2817 961 2882 redire
985 2816 1101 2882 maluit

93 2933 192 2996 quam
205 2911 302 2976 fidem
312 2911 401 2976 hosti
415 2910 525 2976 datam
536 2910 659 2975 fallere.
687 2905 846 2990 [Secundo
861 2908 969 2970 autem
978 2904 1099 2971 Punieo
1118 2923 1153 2973 4ο

90 3001 181 3066 bello
203 3003 282 3083 post
304 2997 505 3064 Cannensem
527 3017 670 3083 pugnam
696 3017 777 3080 quos
801 2995 910 3060 decem
933 2992 1100 3060 Hannibal

6 3135 7 3142 κ
91 3088 234 3154 Romam
253 3087 406 3152 astrictos
424 3086 514 3152 misit
531 3086 601 3150 iure
620 3084 756 3150 iurando
780 3104 814 3148 se
837 3082 999 3147 redituros
1022 3102 1102 3164 esse,

6 3183 8 3230 l
53 3193 77 3234 ³0
91 3177 156 3242 nisi
179 3177 221 3240 de
242 3174 435 3240 redimendis
458 3174 512 3257 iis,
540 3173 596 3257 qui
618 3172 706 3256 capti
729 3175 835 3254 erant,
861 3171 1103 3255 impetrassent,

93 3287 148 3331 eos
172 3285 285 3330 omnes
309 3283 471 3346 censores,
497 3261 603 3346 quoad
630 3260 766 3345 quisque
788 3280 899 3324 eorum
922 3257 1016 3340 vixit,
1046 3257 1102 3341 qui

91 3355 307 3439 peierassent,
333 3351 368 3415 in
395 3349 527 3416 aerariis
555 3348 755 3432 reliquerunt
781 3368 841 3412 neo
868 3346 975 3410 minus
998 3345 1102 3426 illum,

92 3442 148 3526 qui
171 3439 253 3506 iuris
274 3429 407 3506 iurandi·
419 3437 533 3504 fraude
550 3437 678 3521 culpam
696 3436 873 3500 invenerat.
892 3495 894 3498 .
910 3432 991 3499 Gum
1015 3432 1101 3495 enim

91 3527 290 3596 Hannibalis
316 3527 477 3613 permissu
504 3525 623 3590 exisset
650 3524 688 3587 de
716 3521 845 3605 castris,
877 3519 972 3586 rediit
1001 3516 1101 3599 paulo
