2504 3950
337 196 404 252 ΜΒ.
422 199 455 254 11.
493 197 570 254 cAP.
591 205 616 267 r,
635 205 659 254 s.
692 205 839 264 saa-as.
1052 201 1096 266 65

86 361 189 426 telum
212 360 439 442 occultaretur,
462 360 675 444 exquirerent.
711 359 738 426 Ο
761 361 924 447 miserum,
947 361 1003 446 qui
1020 363 1096 428 lide-

86 449 202 514 liorem
225 451 260 514 et
281 447 457 512 barbarum
481 452 513 513 et
536 449 739 534 stigmatiam
757 453 888 534 putaret
906 473 1004 535 quam
1022 473 1096 516 con-

85 538 208 622 iugem!
246 533 316 602 Nec
334 557 407 602 eum
425 535 556 619 fefellit3
578 538 620 602 ab
638 559 677 602 ee
695 541 746 602 est
764 537 849 602 enim
866 539 939 624 ipsa
960 543 1096 625 propter

85 625 245 710 pelicatus
273 624 490 708 suspicionem
516 625 713 717 interiectus.
758 625 826 691 Nec
852 648 930 692 vero
952 627 1023 692 ulla
1043 628 1094 693 vis

62 713 214 798 simperii
246 715 342 778 tenta
373 716 436 794 est,
468 733 550 797 quoe
581 717 748 798 premente
775 717 865 780 metu
891 715 997 799 possit
1024 736 1094 781 esse

85 801 247 866 diuturna.
287 799 395 866 Testis
418 804 469 864 est
491 800 650 884 Phalaris,
672 801 762 867 ouius
785 807 837 867 est
858 807 987 886 praeter
1010 807 1094 868 cete·
1112 819 1146 869 26

84 911 137 956 ros
157 887 339 955 nobilitata
361 889 548 974 erudelitas,
576 890 633 974 qni
658 911 724 955 non
752 911 791 954 ex
812 891 938 956 insidiis
960 891 1096 976 interiit,

84 981 119 1042 ut
140 977 185 1060 is,
214 997 312 1061 quem
335 977 431 1042 modo
454 976 533 1061 dixi,
560 978 757 1063 Alexander,
779 1000 845 1044 non
868 1002 888 1045 a
909 979 1035 1064 paucis,
1057 984 1095 1045 ut

84 1065 135 1130 hic
151 1068 280 1148 nester,
298 1064 406 1130 sedin
424 1087 520 1149 quem
537 1065 688 1131 universe
703 1067 996 1152 Agrigentinorum
1013 1069 1094 1133 mul-

53 1171 75 1210 ιο
85 1152 191 1218 titudo
219 1153 380 1238 impetum
405 1151 491 1218 fecit.
536 1151 640 1228 Quid?
684 1153 875 1220 Macedones
902 1177 1010 1220 nonne
1032 1155 1095 1221 De

85 1241 239 1308 mettium
262 1240 464 1325 reliquerunt
489 1241 695 1326 universique
718 1263 752 1306 se
776 1242 817 1306 ad
838 1241 1000 1326 Pyrrhum
1021 1266 1094 1311 con·

84 1329 254 1396 tulenrnt?
300 1328 406 1404 Quid?
450 1328 722 1396 Lacedaemonios
750 1330 870 1395 iniuste
896 1330 1093 1415 imperantes

84 1439 192 1484 nonne
203 1420 339 1502 repente
357 1437 468 1482 omnes
481 1417 550 1482 fere
565 1417 644 1484 socii
658 1418 867 1482 desenrerunt
881 1422 1093 1502 spectatores·

86 1527 144 1590 que
177 1527 214 1570 se
249 1505 372 1570 otiosos
403 1506 623 1590 praebuerunt
654 1505 841 1571 Leuctricae
874 1506 1093 1572 calamitatis?

51 1611 74 1652 rs
84 1594 231 1658 Externa
253 1593 410 1660 libentius
430 1593 466 1660 in
486 1595 549 1660 tali
570 1617 606 1658 re
625 1617 722 1679 quam
740 1594 918 1660 domestice
935 1594 1094 1660 recordor.
1113 1599 1133 1663 8

85 1682 207 1748 Verum
239 1685 364 1764 tamen,
396 1703 493 1765 quam
525 1682 580 1748 diu
610 1683 783 1768 imperinm
813 1683 927 1768 populi
948 1682 1095 1768 Romani

84 1769 251 1836 beneficiis
273 1771 454 1853 tenebatur,
474 1791 541 1836 non
562 1770 703 1854 iniuriis,
725 1771 813 1835 bella
836 1775 894 1836 aut
915 1793 974 1856 pro
999 1772 1094 1838 sociis

85 1863 139 1924 ant
161 1859 203 1923 de
226 1857 365 1942 imperio
388 1859 593 1944 gerebantur,
616 1859 721 1924 esitus
743 1862 835 1923 erant
856 1859 1018 1923 bellorum
1037 1863 1095 1924 aut

85 1948 179 2014 mites
214 1949 274 2012 ant
303 1947 495 2030 necessarii,
524 1967 653 2032 regum,
684 1947 893 2032 populorum,
923 1947 1094 2012 nationum

51 2039 199 2121 opertus
223 2037 296 2098 erat
318 2037 353 2100 et
373 2033 536 2120 refugium
560 2039 704 2119 senatus,
731 2034 838 2106 nostri
860 2037 970 2100 antem
993 2035 1094 2120 magi·
1113 2052 1146 2103 2⁷

84 2127 208 2190 stratus
223 2123 503 2206 imperatoresque
517 2145 557 2188 ex
569 2123 632 2189 hac
644 2145 709 2188 una
723 2145 757 2187 re
771 2123 947 2188 maximam
964 2122 1094 2190 laudem

83 2233 199 2298 cepere
223 2209 409 2294 studebant,
432 2211 461 2276 si
482 2211 675 2296 provincias,
698 2211 727 2276 si
752 2211 856 2277 socios
876 2211 1039 2295 aequitate
1062 2216 1095 2276 et

82 2301 144 2366 fide
158 2298 394 2382 defendissent,
411 2299 522 2382 itaque
536 2299 618 2364 illud
635 2299 851 2384 patrocinium
866 2300 954 2364 orbis
968 2304 1075 2365 terrae
1090 2309 1146 2378 (rt)

83 2389 192 2454 uerius
211 2407 312 2471 quarn
330 2386 502 2470 imperium
520 2390 651 2471 poterat
667 2388 837 2454 nominari.
870 2385 996 2452 Sensim
1011 2387 1095 2452 hanc

50 2474 353 2543 consuetudinem
376 2479 408 2539 et
431 2475 634 2559 disciplinam
656 2475 722 2540 iam
745 2480 841 2541 antea
861 2475 1095 2560 minuebamus,

84 2569 159 2650 post
182 2584 264 2628 vero
283 2559 393 2628 Sullae
414 2563 586 2628 uictoriam
604 2563 732 2648 penitus
752 2564 932 2647 amisimus3
955 2563 1096 2629 desitum

85 2656 132 2718 est
155 2652 249 2717 enim
271 2649 375 2716 videri
397 2651 569 2735 quicquam
591 2652 626 2716 in
648 2651 752 2716 socios
774 2651 935 2735 iniquum,
953 2673 1026 2716 eum
1045 2672 1095 2714 ex·

86 2741 229 2806 stitisset
252 2738 288 2805 in
308 2738 396 2804 cives
416 2742 512 2804 tanta
527 2739 710 2805 crudelitas.
745 2737 836 2823 Ergo
854 2738 890 2802 in
906 2738 966 2803 illo
985 2741 1095 2802 secuta

86 2833 135 2894 est
156 2827 335 2893 honestam
357 2847 488 2892 causam
509 2848 577 2892 non
597 2828 736 2893 honesta
757 2826 908 2907 victoria3
935 2829 986 2890 est
1008 2825 1095 2890 enim

52 2931 184 2982 mausus
208 2915 324 2998 dicere,
346 2914 444 2980 hasta
465 2916 576 3000 posita
597 2937 670 2982 oum
691 2917 779 2980 bons
794 2915 830 2979 in
851 2913 923 2978 foro
942 2913 1095 2978 venderet

86 3009 115 3069 et
143 3005 311 3070 bonorum
337 3003 483 3070 virorum
510 3007 544 3068 ct
570 3003 781 3088 locupletium
803 3007 836 3066 et
858 3005 944 3068 certe
968 3001 1096 3087 civium,

86 3091 286 3178 ‘praedam
312 3111 351 3155 se
374 3111 481 3157 suam
502 3091 689 3158 vendere'.
734 3088 870 3156 Secutus
892 3093 954 3168 est,
982 3089 1039 3173 qui
1060 3089 1096 3154 in

87 3201 183 3246 cause
211 3178 327 3263 impia,
353 3179 490 3244 victoria
518 3179 625 3244 etiam:
638 3179 785 3243 foediore
803 3197 870 3244 non
892 3177 1095 3263 singulorum

88 3269 206 3332 civium
229 3267 317 3332 bona
339 3267 533 3352 publicaret,
562 3267 618 3332 sed
644 3267 811 3332 universas
838 3265 1020 3352 provincias
1047 3288 1096 3331 re

55 3357 266 3440 ⁸⁵gionesque
289 3376 353 3420 uno
376 3355 572 3421 calamitatis
600 3355 669 3420 iure
694 3353 986 3438 comprehenderet.
1031 3353 1096 3418 Ita-
1114 3369 1148 3418 28

90 3465 148 3526 que
160 3442 290 3508 vexatis
310 3464 347 3508 ao
364 3442 499 3528 perditis
518 3443 840 3508 exterisnationibus
858 3441 899 3506 ad
913 3441 1097 3524 exemplum

91 3531 200 3596 amissi
223 3530 352 3614 imperii
374 3532 500 3616 portari
522 3531 556 3594 in
574 3530 739 3614 triumpho
758 3528 939 3595 Massiliam
956 3527 1101 3592 vidimus-
1217 3548 1222 3561 ·

140 3642 195 3686 ore.
209 3643 252 3685 rv.
266 3642 286 3684 a
919 3634 935 3682 o
