2504 3950
145 131 187 196 76
531 131 580 188 DE
599 129 751 186 OFFICHS

144 295 219 378 bus,
246 293 397 360 ludorum
423 293 696 378 venationumque
724 295 884 378 apparatu
904 292 1060 376 pecunias
1083 313 1158 377 pro-
1238 285 1239 372 l

143 382 284 448 fundimt
308 382 345 448 in
371 403 426 448 ess
453 402 522 466 res,
554 403 690 466 quarum
717 380 908 446 memoriam
934 383 992 446 aut
1020 379 1158 446 brevem

92 485 126 536 56
145 475 203 535 aut
220 471 346 536 nullam
364 470 496 536 omnino
519 471 587 536 sint
602 469 763 553 relicturi,
780 469 934 534 liberales
955 473 1078 552 autem,
1101 470 1159 553 qui

145 559 212 624 suis
234 558 448 626 facultatibus
478 562 536 624 aut
562 562 675 642 captos
702 580 724 622 a
750 557 968 642 praedonibus
989 556 1160 622 redimunt

146 651 203 712 aut
226 669 281 712 aes
304 646 447 712 alienum
470 647 651 732 suscipiunt
674 645 852 711 amicorum
874 645 988 710 autin
1010 645 1158 710 filiamm
1186 663 1200 704 s

145 735 358 801 collocatione
382 735 537 800 adiuvant
557 739 617 800 aut
639 734 844 819 opitulantur
866 733 901 796 in
923 754 958 797 re
980 733 1034 798 vel
1060 755 1159 818 quse·
1238 779 1239 838 p

92 831 149 900 (56)
167 824 269 890 rende
289 824 343 888 vel
364 823 522 908 augenda.
566 822 681 907 Itaque
704 822 813 906 miror,
845 819 923 905 quid
949 821 984 886 in
1010 825 1158 888 mentem
1238 843 1239 904 j

145 912 271 976 venerit
302 910 529 995 Tbeopbrasto
560 910 596 976 in
628 932 666 976 eo
698 910 798 994 libro,
833 930 929 992 quem
960 908 1000 973 de
1029 909 1158 976 diuitiis

145 999 291 1084 scripsit3
321 999 357 1064 in
383 1021 449 1083 quo
478 999 583 1064 multa
609 998 789 1084 praeclare,
815 997 897 1062 illud
920 997 1074 1063 absurde:
1106 1002 1160 1063 est

145 1087 232 1152 enim
254 1088 378 1152 multus
396 1088 431 1154 in
449 1087 611 1154 laudanda
628 1086 872 1173 magnificentia
889 1089 923 1150 et
941 1086 1159 1171 apparatione
1174 1105 1200 1144 ιο
1238 1151 1239 1158 ,

144 1175 352 1260 popularium
370 1197 540 1242 munerum
558 1176 738 1259 taliumque
756 1179 946 1259 sumptuum
962 1173 1159 1240 facultatem
1238 1169 1239 1242 l

144 1263 286 1330 suetum
319 1263 507 1331 divitiarum
533 1269 638 1349 puae.
687 1263 769 1329 uiri
800 1267 910 1328 auam
940 1263 997 1326 rue
1028 1263 1158 1329 ausus
1238 1243 1239 1262 ¹

145 1349 370 1437 liberalitatis,
401 1353 492 1418 cuius
523 1362 628 1437 pauca
659 1352 807 1437 exempla
839 1351 947 1436 posui,
981 1351 1090 1416 multo
1123 1355 1159 1416 st
1238 1389 1239 1440 p

145 1442 250 1508 maior
271 1441 400 1508 videtur
422 1444 456 1505 et
478 1441 605 1506 certior.
649 1438 778 1515 Quanto
800 1439 997 1504 Aristoteles
1018 1440 1158 1526 gravius
1238 1443 1239 1448 ’

145 1533 179 1594 et
201 1529 308 1594 verius
330 1550 392 1594 nos
409 1527 629 1613 reprehendit!
648 1529 704 1613 qui
721 1528 782 1593 bes
800 1528 1008 1612 pecuniarum
1027 1528 1157 1594 effusio-
1173 1545 1200 1586 ιι

144 1638 203 1682 nes
229 1639 296 1682 non
321 1616 528 1699 admiremur,
554 1637 637 1700 quae
663 1617 747 1681 fiunt
774 1617 816 1682 ad
838 1615 1083 1682 multitudinem
1104 1616 1160 1682 de·

145 1704 330 1770 liniendem.
378 1703 439 1770 Ait
465 1705 565 1787 enim,
588 1703 670 1788 ‘qui
698 1705 744 1769 ab
771 1703 884 1769 hoste
916 1705 1158 1788 obsidentur,

146 1792 179 1857 si
211 1813 334 1860 emere
367 1815 489 1878 aquae
525 1793 739 1859 sextarium
770 1796 1003 1878 cogerentur
1039 1794 1157 1877 mina,

145 1882 217 1948 hoc
239 1882 363 1968 primo
386 1881 621 1948 incredibile
643 1882 757 1947 nobis
780 1881 918 1964 rideri,
946 1901 1157 1966 omnesque

146 1971 293 2048 mirari,
318 1971 387 2036 sed
414 1991 497 2035 cum
522 1970 780 2054 attenderint,
810 1970 961 2034 ueniam
987 1971 1199 2035 necessi-ao
1238 1975 1239 2058 l

145 2058 348 2140 tartidate,
374 2059 415 2123 in
439 2057 500 2122 bis
527 2058 749 2123 inmanibus
776 2058 941 2124 iacturis
962 2057 1156 2124 infinitis·
1238 2077 1239 2144 l

145 2167 217 2229 que
249 2145 468 2229 sumptibus
499 2145 600 2210 nihil
635 2167 705 2211 nos
741 2165 974 2232 magnopere
1005 2146 1156 2230 mirari,
1238 2147 1239 2224 l

146 2254 230 2298 cum
252 2233 486 2317 praesertim
508 2254 630 2318 neque
646 2235 880 2299 necessitati
898 2234 1157 2300 subveniatur
1238 2233 1239 2252 ¹

144 2342 213 2388 nec
236 2320 622 2407 dignitas·cugeacur
644 2323 810 2407 ipsaque
836 2323 911 2387 ille
938 2322 1155 2388 delectatio

145 2408 414 2475 multitudinis
458 2410 504 2474 ad
544 2411 661 2476 breue
705 2411 960 2496 exiguumque
999 2415 1197 2496 tempusa
1238 2419 1239 2486 l

145 2498 296 2580 copwtuc,
317 2518 439 2582 eaque
462 2519 483 2563 a
505 2497 718 2564 levissnmo
742 2521 904 2583 qnoque,
930 2499 971 2564 in
996 2521 1072 2583 quo
1094 2503 1156 2563 ta·
1238 2529 1239 2554 κ

145 2607 229 2652 men
250 2585 339 2670 ipso
366 2606 441 2652 uns
468 2607 549 2652 eum
577 2587 765 2652 satietate
790 2587 975 2652 memoria
1002 2609 1155 2671 quoqne
1238 2613 1239 2638 1

93 2673 336 2741 nemoriatur
362 2673 604 2760 voluptatis?
628 2673 738 2740 Bene
765 2674 864 2740 etiam
892 2675 1021 2761 colligit
1044 2675 1154 2741 ‘baec
1238 2707 1239 2728 κ

144 2762 276 2846 pneris
309 2766 349 2827 et
376 2763 620 2828 mulierculis
656 2767 695 2829 et
726 2763 851 2828 servis
883 2767 922 2828 et
954 2783 1155 2828 servorum
1238 2829 1239 2836 a

145 2850 362 2916 simillimis
389 2851 529 2916 liberis
555 2871 641 2916 esse
668 2854 796 2937 grata,
829 2852 940 2937 gravi
967 2873 1057 2918 vero
1084 2851 1197 2916 ho-so
1238 2883 1239 2888 1

144 2937 238 3002 mini
264 2941 305 3004 et
331 2959 388 3016 ea,
419 2959 515 3023 quae
542 2937 658 3022 fiunt,
688 2939 833 3004 iudicio
868 2943 976 3006 certo
1009 2939 1155 3024 ponde·
1238 2931 1239 2986 l

143 3025 251 3092 ranti
281 3027 441 3112 probari
472 3047 590 3112 posse
620 3027 731 3092 nullo
762 3025 894 3093 modo?
949 3025 1155 3112 Quamquam

143 3113 302 3200 intellego
336 3115 373 3180 in
406 3118 522 3180 nostra
556 3115 690 3182 civitate
724 3114 923 3180 inveterasse
959 3116 1026 3180 iam
1057 3115 1154 3180 bonis
1238 3129 1239 3134 ’

143 3201 360 3286 temporibus,
386 3206 424 3268 ut
449 3202 602 3288 splendor
625 3203 829 3270 aedilitatum
851 3205 894 3268 ab
917 3203 1050 3288 optimis
1072 3203 1153 3267 viris

142 3289 337 3375 postuletur.
381 3288 497 3375 ltaque
520 3294 554 3355 et
575 3291 611 3358 P.
632 3292 770 3359 Graecus
793 3313 866 3358 cnm
889 3291 1082 3377 cognomine
1105 3291 1153 3355 di-
1167 3307 1196 3349 ω

142 3397 209 3462 ves,
230 3380 302 3442 tum
319 3378 426 3462 copiis
448 3378 580 3444 semotus
602 3385 653 3466 est
676 3380 823 3446 aedilicio
846 3379 989 3446 maximo
1011 3399 1155 3464 munere,

143 3469 177 3532 et
198 3465 297 3551 paulo
319 3468 397 3550 post
418 3463 455 3530 L.
468 3464 605 3532 Crassus
627 3489 703 3535 cum
725 3470 870 3536 omnium
892 3468 1062 3535 bominum
1084 3489 1154 3532 mo·
