2504 3950
311 189 378 246 LIB.
397 191 418 247 I.
457 190 532 245 CAP.
552 199 666 250 40-42.
703 199 719 260 ξ
741 200 888 250 rra-151.
1060 195 1101 260 51

96 351 164 417 duci
188 355 331 437 oportet,
352 357 399 437 ut,
422 353 451 418 si
474 353 551 438 quid
572 351 721 420 Socrates
745 359 802 421 aut
820 355 1010 442 Aristippus
1033 377 1105 422 con·

94 445 145 505 tra
167 462 294 505 morem
318 443 646 526 consuetudinemque
664 443 792 526 civilem
810 443 946 510 fecerint
964 443 1106 510 locutive

95 529 168 612 sint,
190 528 278 593 idem
302 530 367 594 sibi
390 531 566 596 arbitretur
585 532 695 614 licere;
718 531 846 618 magnis
865 532 916 598 illi
935 537 969 597 et
987 531 1104 598 divinis

94 617 187 682 bonis
212 617 297 685 hanc
320 618 484 684 licentiam
509 620 773 702 assequebantur.
809 617 1004 703 Cynicorum
1026 641 1104 686 vero

71 705 177 770 aratio
201 709 276 770 tota
298 711 349 770 est
371 706 527 790 eicienda3
550 711 600 772 est
623 707 709 772 enim
732 707 864 772 inimica
882 708 1104 792 uerecundiae,

94 795 162 858 sine
191 815 256 878 qua
282 793 366 858 nihil
395 799 520 861 rectum
552 816 622 860 esse
652 799 776 880 potest,
807 795 890 860 nihil
922 796 1104 861 honestum.

94 881 159 946 llos
184 885 304 965 autem,
327 903 465 966 quorum
486 883 557 948 vita
579 887 750 968 perspecta
771 884 807 948 in
828 884 925 949 rebus
943 884 1156 954 honestiores

95 975 193 1054 atquc
220 971 348 1055 magnis
377 975 441 1055 est,
466 971 548 1036 bene
576 970 677 1036 dere
703 972 836 1056 publica
864 973 1039 1038 sentientes
1068 995 1105 1039 ac

94 1059 175 1123 bane
203 1060 339 1123 meritos
368 1063 424 1124 aut
451 1063 611 1124 merentes
639 1059 685 1124 sic
708 1064 746 1125 ut
768 1061 878 1144 aliquo
900 1060 1024 1126 honore
1048 1066 1105 1126 aut

59 1165 82 1204 ιο
94 1146 233 1231 imperio
252 1146 385 1213 affectos
404 1147 577 1212 observare
595 1151 629 1211 et
651 1148 758 1213 colere
776 1148 938 1232 debemus,
960 1149 1104 1214 tribuere

94 1236 194 1300 etiam
218 1235 358 1300 multum
382 1235 553 1318 senectuti,
581 1234 691 1300 cedere
714 1236 771 1319 iis,
794 1237 849 1320 qui
872 1236 1105 1321 magistratum

93 1323 280 1407 habebunt,
300 1323 420 1388 habere
443 1323 596 1388 dilectum
619 1323 699 1389 ciuis
722 1327 756 1387 et
778 1324 942 1409 peregrini
963 1324 998 1388 in
1020 1324 1105 1409 ipso·

94 1432 156 1495 que
187 1410 378 1496 peregrino,
408 1411 604 1494 privatimne
636 1432 678 1476 an
709 1411 837 1495 publice
869 1412 1003 1476 venerit.
1053 1410 1106 1475 Ad

94 1520 267 1581 summam,
288 1519 330 1563 ne
353 1519 449 1584 agam
473 1497 511 1564 de
534 1498 682 1584 singulis,
706 1519 908 1564 communem
930 1499 1033 1563 totius
1053 1519 1105 1584 ge-

58 1587 181 1652 rarioris
194 1587 365 1652 hominum
380 1587 639 1652 conciliationem
653 1591 686 1651 et
704 1587 976 1653 consociationem
991 1587 1105 1671 colere,

92 1675 191 1759 tueri,
216 1696 345 1740 servare
369 1674 529 1739 debemus.
1114 1734 1159 1798 42

159 1761 232 1828 Iam
261 1763 300 1827 de
323 1762 469 1827 artificiis
493 1767 526 1827 et
549 1763 738 1846 quaestibus
745 1814 753 1847 ,
782 1764 837 1848 qui
860 1764 1012 1830 liberales
1036 1764 1091 1830 ha·
1108 1812 1159 1861 ,50

93 1851 201 1935 bendi,
225 1851 281 1934 qui
300 1850 421 1916 sordidi
444 1849 519 1935 sint,
541 1850 621 1916 haec
642 1850 710 1916 fere
733 1851 923 1936 accepimus.
959 1851 1105 1918 Primum

93 1939 323 2024 improbantur
344 1939 369 2002 ii
392 1942 556 2022 quaestus,
579 1939 691 2022 quiin
715 1938 789 2004 odia
810 1939 980 2003 hominum
1002 1939 1106 2004 incur-

58 2043 81 2084 u
93 2031 179 2112 runt,
192 2030 231 2092 ut
245 2027 451 2112 portitorum,
465 2030 503 2092 ut
516 2025 764 2092 faeneratorum.
789 2026 980 2092 Inliberales
996 2031 1105 2092 autem
1139 2059 1144 2064 ·

94 2120 127 2181 et
150 2116 275 2181 sordidi
298 2120 452 2200 quaestus
475 2115 769 2181 mercennariorum
790 2115 944 2199 omnium,
967 2136 1106 2200 quorum

94 2225 222 2290 operae,
245 2224 312 2268 non
335 2223 484 2287 quorum‘
495 2208 582 2268 artes
606 2208 770 2286 emuntur3
799 2207 849 2268 est
871 2204 957 2269 enim
981 2206 1015 2268 in
1037 2203 1106 2268 illis

93 2293 165 2378 ipsa
187 2311 313 2358 merces
336 2295 615 2357 auctoramentum
638 2292 813 2358 servitutis.
855 2288 983 2357 Sordidi
1005 2292 1105 2359 etiam

93 2379 244 2464 putandi,
273 2379 328 2464 qui
351 2384 535 2445 mercantur
558 2402 578 2445 a
599 2380 847 2463 mercatoribus,
875 2378 962 2464 quod
992 2381 1105 2445 statim

58 2469 256 2551 mendant,
283 2466 366 2531 nihil
398 2467 484 2532 enim
510 2468 695 2553 proficiant,
726 2469 790 2533 nisi
818 2467 991 2533 admodum
1018 2486 1105 2532 men·

92 2557 233 2639 tiantu13
256 2575 315 2619 nec
337 2575 413 2619 vero
435 2559 486 2619 est
503 2555 675 2639 quicquam
693 2557 821 2640 turpius
839 2557 993 2620 vanitate.
1030 2555 1106 2641 Opi·

92 2645 235 2728 licesque
263 2663 375 2707 omnes
401 2643 437 2706 in
464 2642 595 2708 sordida
621 2647 692 2708 arte
719 2647 904 2726 versantur,
932 2664 991 2708 nec
1020 2644 1106 2708 enim

93 2733 269 2816 quicquam
283 2730 459 2816 ingenuum
477 2729 596 2796 habere
616 2734 726 2817 potest
739 2729 877 2795 officina.
908 2729 1106 2813 Minimeque

93 2824 182 2884 artes
208 2839 265 2883 cae
288 2817 488 2902 probandae,
517 2819 573 2902 qui
595 2819 763 2883 ministrae
787 2820 864 2881 sunt
885 2817 1105 2902 uoluptatum:

57 2920 80 2961 ³0
137 2906 303 2988 Cetarii,
327 2905 438 2987 lanii,
461 2907 586 2990 coqui,
608 2906 793 2987 fartdreS,
814 2905 1048 2990 piscatores,

91 3001 129 3060 ut
157 2996 207 3061 ait
234 2993 419 3078 Terentium
449 2994 529 3060 adde
556 2993 633 3078 huc,
660 2995 688 3058 si
714 2993 836 3078 placet,
863 2995 1105 3079 unguentarios,

93 3085 270 3149 saltatores
298 3085 469 3166 totumque
493 3081 605 3148 ludum
627 3082 790 3148 talarium.
836 3079 959 3156 Quibus
983 3086 1091 3148 autem
1108 3099 1156 3148 151

93 3173 222 3237 artibus
252 3173 309 3234 ant
335 3170 507 3255 prudentia
533 3171 636 3236 maior
658 3171 744 3234 inest
767 3173 912 3234 autnon
935 3169 1105 3236 mediocris

92 3259 222 3324 utilitas
256 3257 434 3342 quaeritur,
465 3262 503 3322 ut
534 3257 705 3341 medicina,
737 3261 775 3322 ut
807 3257 1036 3342 architectura,
1068 3263 1105 3324 ut

58 3357 79 3399 ’ὁ
93 3346 244 3414 doctrina
265 3365 375 3410 rerum
397 3346 617 3430 honestarum,
640 3368 695 3411 eae
719 3350 796 3410 sunt
817 3345 872 3429 iis,
895 3367 1032 3432 quorum
1056 3369 1104 3413 or-

94 3433 161 3500 dini
179 3433 387 3516 conveniunt,
408 3434 573 3499 honestae.
609 3433 792 3513 Mercatura
810 3437 928 3517 autem,
951 3434 980 3498 si
997 3436 1103 3500 tenuis

94 3527 153 3608 est,
176 3521 310 3590 sordida
327 3521 471 3606 putanda
494 3526 557 3606 est3
580 3522 631 3587 sin
649 3541 769 3607 inagna
787 3525 820 3585 et
838 3522 978 3605 copiosa,
1001 3521 1104 3584 multa

906 3620 944 3674 4*
