2570 3944
385 179 594 236 PHILOSOPH.
613 179 642 234 F.
662 179 738 235 V98
746 178 861 234 v-Ie
1061 175 1124 243 327

119 343 206 444 quad
233 341 327 421 licie,
359 341 429 408 fato
461 341 570 407 omnia
601 340 688 425 fieri,
720 344 824 406 mater
856 343 977 423 aulem,
1011 339 1127 404 mulier

118 432 262 517 sapiens,
293 452 360 497 non
392 429 603 512 existimavit,
635 434 664 494 et
690 448 747 494 nos
772 448 936 512 possumus
965 389 1106 496 dicere
1092 448 1127 494 rn

119 521 251 587 ueritate.

520 641 731 652 m

523 821 574 882 VI.
608 817 721 880 CATO.

92 974 106 1016 ⁵
191 956 218 1022 1.
237 955 297 1023 Oia.
315 957 352 1022 de
369 956 429 1021 din
447 956 535 1022 111.
553 961 637 1022 3eu.
655 955 836 1020 Interiectus
853 960 897 1021 est
918 956 1011 1020 etiam
1032 974 1129 1056 nuper

121 1044 227 1117 liber
215 1064 251 1128 u,
272 1065 360 1126 quem
377 1045 421 1109 ad
436 1047 575 1110 nostrum
593 1043 732 1109 Atticum
751 1043 788 1108 de
804 1047 951 1108 senectute
971 1043 1129 1120 misimus·

120 1135 157 1198 in
174 1133 354 1216 primisque,
378 1132 526 1214 quonium
542 1130 738 1214 philosophia
758 1131 808 1195 uir
830 1131 925 1196 bouus
946 1129 1081 1212 effititur
1101 1135 1131 1195 et

118 1222 225 1303 fortis,
257 1219 332 1286 Cata
358 1221 499 1285 noster
486 1241 521 1284 iu
547 1218 658 1284 lterum
685 1218 833 1284 ttmuum
863 1238 990 1284 numero
1015 1237 1130 1302 panen-

121 1309 181 1375 clus
201 1314 253 1374 est.
965 1361 974 1376 .

80 1415 107 1456 ιο
189 1397 219 1460 2,
246 1395 307 1462 Oia.
336 1393 388 1461 (rr.
415 1401 464 1461 10.
490 1398 589 1478 34sq.
617 1395 774 1475 Quantum
800 1394 881 1460 illud
905 1399 962 1478 est,
989 1394 1071 1475 quad
1095 1394 1131 1458 in

121 1485 269 1550 menimis
291 1482 537 1565 omnipationibns
558 1503 728 1564 numquam
749 1483 927 1547 intermittis
943 1483 1047 1548 studia
1064 1483 1130 1546 doe-

122 1573 237 1656 trinue,
262 1591 379 1654 semper
402 1577 458 1636 aut
478 1572 542 1654 ipse
563 1571 671 1636 smilis
692 1571 814 1653 aliquid
834 1575 890 1636 aut
911 1590 959 1636 me
979 1589 1067 1635 uaeas
1089 1571 1132 1634 ud

122 1660 333 1726 seruiendum!
376 1658 487 1743 Itaque
512 1659 567 1726 loe
594 1678 665 1724 snm
694 1659 855 1740 adqressus
885 1660 991 1724 statim
1018 1656 1131 1723 Catane

122 1747 268 1830 absoluto,
286 1766 374 1830 quem
390 1749 493 1831 u'psum
510 1766 680 1829 numquam
692 1747 860 1830 alliqissem
874 1751 1009 1830 tempora
1023 1747 1131 1810 timens

81 1853 108 1895 1⁵
123 1836 254 1902 inimica
284 1837 406 1918 nirtrnti,
437 1836 501 1900 nisi
532 1835 588 1900 tili
613 1833 751 1899 lmrtanti
780 1839 809 1899 et
838 1835 925 1899 illins
950 1835 1131 1898 memoriam

122 1923 203 1989 milii
224 1943 331 1989 earam
352 1923 499 1988 eueitauti
519 1942 583 1988 non
598 1941 711 2004 parere
732 1921 821 2001 nefas
842 1941 903 1986 esse
924 1923 1086 1986 dnuissau.

191 2011 220 2077 3.
252 2009 313 2077 θέε.
344 2011 410 2076 Aa.
441 2010 521 2075 XII
543 2015 574 2074 4.
600 2015 623 2076 2
654 2009 716 2076 Sed
744 2011 781 2075 de
812 2007 925 2074 Odiana
955 2005 1131 2092 πρόβλημα

124 2093 351 2184 Ἀρχιμήδειον
378 2103 436 2176 est;
467 2119 531 2163 nou
556 2099 718 2182 adsequar,
744 2103 781 2162 nt
805 2097 950 2176 saritam,
978 2097 1060 2178 qnod
1086 2097 1132 2160 tui

123 2189 265 2254 murinae
281 2207 345 2253 non
361 2187 450 2252 moda
469 2186 602 2265 libenter,
624 2187 785 2252 sedetiam
802 2205 898 2267 aequm
915 2186 1020 2250 animo
1039 2185 1132 2266 leqere

122 2361 972 2445 a...

123 2452 288 2534 aulamque
309 2451 399 2516 uelim
372 2363 601 2551 ι,ρνοιῦἱξαίεγη
627 2451 887 2530 constantiamque
906 2450 972 2514 eius
995 2449 1131 2530 laudare,

122 2540 218 2604 luae
204 2557 307 2622 ipsuum
335 2543 438 2604 tamen
463 2539 506 2603 ist
505 2539 533 2603 is
493 2531 741 2603 todiosum”
719 2553 870 2620 auovanu
891 2538 940 2602 sit.
985 2535 1047 2603 Sul
1067 2556 1133 2602 nere

124 2627 252 2692 laudmi
273 2627 324 2692 ille
345 2627 395 2692 nir
415 2645 479 2692 non
495 2629 607 2709 potest,
634 2626 699 2690 uisi
724 2624 797 2689 laec
818 2629 930 2690 oruata
951 2624 1026 2702 sint,
1052 2625 1134 2707 quod

84 2729 111 2770 2⁵
124 2715 177 2780 ille
198 2734 249 2798 ea,
275 2735 352 2796 qnae
373 2733 457 2779 nune
477 2718 563 2797 sunt,
584 2718 613 2778 et
631 2713 743 2794 futuru
763 2713 936 2793 videmiae,
957 2731 996 2776 ne
1017 2712 1132 2792 fiuent,

123 2803 310 2869 contenderit
330 2807 367 2881 el,
386 2802 474 2882 faeta
494 2822 533 2866 ue
554 2803 674 2879 rideret,
695 2801 791 2866 uitam
812 2799 976 2882 reliquerit.
1007 2798 1133 2864 Horum

125 2891 203 2973 quid
223 2895 281 2973 est,
303 2891 385 2972 quod
405 2890 515 2956 Aledio
531 2889 665 2972 probare
680 2888 859 2971 possimus?

191 2980 221 3042 4.
244 2976 305 3043 Oia.
328 2977 394 3043 Ati.
416 2976 498 3042 XII
515 2981 543 3042 5.
566 2981 590 3043 2
611 2976 687 3044 Galo
709 2995 757 3041 me
777 2976 899 3060 quidem
920 2975 1060 3059 delectat,
1081 2976 1135 3040 sed
1236 3062 1240 3067 .

123 3068 217 3132 etiam
239 3064 380 3131 Bassum
401 3065 559 3130 Isrmilimn
581 3085 648 3130 sua

82 3168 111 3210 ³0
191 3153 220 3218 5.
248 3153 309 3220 Oic.
335 3153 402 3219 uu.
429 3152 507 3217 XII
531 3157 625 3218 40.1
654 3152 763 3232 Qualis
787 3152 898 3232 futura
924 3152 967 3217 sit
991 3149 1134 3216 Caesaris

124 3242 307 3324 uituperatio
325 3246 432 3308 eontra
449 3241 656 3306 durannum
673 3260 782 3324 meam,
794 3241 937 3322 perspexi
950 3259 987 3304 eu
1000 3258 1033 3304 ea
1047 3238 1105 3304 lilr

124 3349 214 3410 quum
231 3330 361 3396 Hirtius
382 3330 426 3394 ad
446 3349 494 3394 me
514 3329 608 3411 misit,
630 3328 666 3394 in
686 3349 746 3410 quo
769 3329 883 3410 eolliqit
903 3328 980 3392 vitia
998 3326 1085 3394 (lator

123 3419 179 3483 sed
199 3438 269 3484 eum
291 3417 439 3482 unanimis
461 3417 604 3482 laudibus
625 3417 708 3482 meis.
735 3451 772 3462 -
803 3416 838 3482 V.
860 3415 900 3480 ib.
922 3419 973 3480 41.
995 3419 1026 3480 4.

192 3505 221 3570 6.
245 3504 306 3572 (lie.
323 3505 389 3569 Au.
407 3503 488 3569 XII
500 3509 552 3568 44.
570 3508 591 3569 1
607 3504 703 3572 Illius
726 3503 847 3583 lrlrrum,
869 3523 957 3586 quem
974 3503 1085 3586 (Herm
