2570 3944
164 159 229 224 318
553 155 776 212 cursurum

164 318 317 384 scientiae
336 319 489 401 continet,
512 321 622 383 tamen
640 316 762 383 collata
780 337 853 382 cum
871 336 984 382 eorum
1003 317 1087 382 actis
1104 319 1177 402 per·

163 406 321 491 lectisque
347 407 443 473 rebus
466 428 579 471 vereor
604 427 644 471 ne
667 426 733 470 non
754 408 885 470 tantum
907 404 1059 470 rideatur
1082 406 1177 471 adtu-

164 495 241 560 lisse
264 495 389 580 negotii
412 493 611 578 hominibus,
634 496 790 577 quantam
814 492 1078 559 oblectationem.

230 583 283 648 43.
310 583 394 648 Nori.
410 603 444 666 p.
466 587 540 649 337.
563 587 607 648 26
635 582 681 646 Μ
711 581 833 647 Tullius
857 615 895 628 —
925 583 962 646 ιἰι
988 581 1178 648 Hortensio:

165 668 253 746 Quae
272 675 323 736 est
339 670 441 757 igitur
458 669 676 756 philosophia,
695 667 849 734 Socrate?
867 690 926 733 nec
944 667 1070 753 dubito,
1089 670 1179 754 quin,
1204 688 1216 728 ι

166 781 384 843 quaecumque
413 759 470 842 sit,
498 757 671 840 †lautum
697 757 819 822 vietum
843 761 877 820 et
899 757 1087 842 elegantem
1111 780 1179 822 ma·

166 848 281 932 gnifice
295 868 399 930 neque
415 846 533 930 minus,
551 867 649 929 quam
668 845 802 927 deceret,
820 845 925 910 colere
944 845 1179 910 instituissent,

231 936 284 999 44
300 934 381 999 Nora
394 954 429 1016 p
443 936 516 998 527.
529 934 633 999 39Μ.
649 933 828 998 Tattius-
847 935 881 996 ιἰι
894 932 1080 1033 Hortensio:
1099 933 1179 998 Vidi

165 1023 200 1086 in
218 1021 327 1087 dolore
345 1021 509 1107 podagrae
527 1020 631 1086 nihilo
649 1020 744 1084 illum
763 1021 814 1085 vel
834 1020 977 1086 omnium
996 1021 1179 1086 maximum

166 1108 362 1194 Stoicorum,
387 1107 611 1192 Posidonium,
641 1130 738 1192 quam
766 1106 1002 1182 Nicomachum
1031 1108 1178 1193 Tyrium,
1194 1129 1218 1168 ιο

165 1199 330 1284 hospitem
353 1220 473 1282 meum,
495 1196 673 1262 fortiorem.

231 1287 283 1351 45.
302 1285 383 1351 Nou.
396 1308 430 1369 p.
443 1289 514 1352 385.
528 1291 569 1352 31
586 1286 633 1351 Μ.
649 1285 833 1350 Tullius·
790 1286 888 1350 -in
893 1284 1092 1366 Hortensio:
1111 1287 1178 1351 elo

166 1375 299 1460 quentia
320 1375 414 1460 tueri,
438 1396 535 1460 quam
557 1378 595 1439 tu
612 1373 647 1438 in
665 1373 799 1455 caelum,
821 1371 986 1457 Hortensi,
1009 1373 1117 1458 credo,
1141 1379 1179 1439 ut

165 1465 235 1549 ipse
260 1485 333 1528 cum
356 1485 394 1528 ea
417 1463 514 1527 simul
539 1460 741 1544 ascenderes,
764 1461 960 1526 sustulisses.

230 1551 283 1616 46.
312 1550 393 1615 Non.
414 1571 448 1632 p.
475 1553 549 1616 204.
571 1554 593 1613 4
619 1550 668 1614 M.
698 1549 820 1614 Tullius
846 1551 882 1614 ιἰι
908 1548 1095 1614 Horteracio:
1126 1547 1178 1614 Tu
1192 1569 1217 1608 rs

165 1660 217 1703 me
244 1642 277 1702 et
305 1637 386 1702 alias
412 1659 479 1710 non
503 1659 681 1720 numquam
705 1641 737 1700 et
758 1636 857 1721 paulo
881 1640 957 1701 ante
980 1636 1178 1703 adhortatus

165 1747 214 1810 es,
237 1725 375 1790 aliorum
397 1730 434 1790 ut
454 1725 543 1790 facta
565 1728 599 1789 et
621 1728 738 1790 eventa
760 1725 991 1809 conquirerem.

230 1813 283 1879 47.
310 1814 462 1880 Arruiaa.
488 1813 582 1880 Meas.
604 1833 638 1895 p.
659 1817 726 1879 217
753 1813 893 1879 landon.
937 1812 998 1878 Oia.
1025 1814 1061 1878 iu
1088 1813 1178 1878 Hor-

165 1904 277 1968 tensio:
301 1902 356 1987 qui
379 1925 452 1968 cum
475 1902 571 1968 hodie
593 1901 716 1966 bellum
739 1923 812 1966 cum
835 1904 963 1966 mortuo
988 1906 1114 1987 gerant.
1262 1905 1263 1910 ’

230 1990 283 2056 48.
303 1990 384 2056 Non.
397 2012 431 2072 p.
450 1996 522 2057 396.
539 1995 583 2056 23
599 1991 648 2055 M.
668 1987 790 2054 Tullius
807 1989 843 2054 ιἰι
859 1989 1044 2055 Hortensio:
1067 1987 1178 2064 Quare
1191 2008 1216 2048 ιι

164 2079 263 2143 velim
286 2077 357 2143 dari
378 2078 472 2161 mihi,
494 2077 644 2160 Luculle,
668 2076 780 2142 iubeas
802 2077 941 2142 indicem
964 2077 1178 2162 tragicorum,
1261 2107 1262 2178 q

164 2169 202 2229 ut
225 2187 365 2249 sumam,
389 2164 444 2249 qui
466 2165 553 2230 forte
576 2165 657 2230 mihi
680 2164 804 2230 desunt.
1261 2181 1262 2236 l

231 2253 283 2318 49.
307 2251 389 2318 Non.
405 2274 441 2335 p.
458 2257 530 2318 367.
550 2253 636 2319 5Μ.
656 2253 779 2318 Tullius
800 2253 836 2316 ιἰι
854 2251 1038 2319 Horterrsio:
1061 2251 1178 2319 Faces·

166 2339 272 2405 sant
262 2339 324 2425 rgit
325 2361 363 2405 ur
386 2361 507 2425 omnes,
530 2341 586 2443 qui
609 2340 722 2406 docere
744 2339 828 2404 nihil
851 2344 997 2424 possunt,
1022 2361 1087 2424 quo
1110 2362 1214 2488 me-²⁵

165 2429 229 2493 lius
254 2427 494 2513 sapientiusque
517 2429 673 2495 vivamus.

232 2515 284 2582 50.
306 2518 473 2600 Argouda.
495 2519 532 2583 de
554 2519 651 2583 trinit.
674 2515 809 2582 XIVe.
831 2521 874 2582 12
894 2517 928 2581 Τ.
953 2515 1004 2583 VI
1016 2537 1051 2602 p
1070 2521 1139 2582 677
1151 2516 1180 2582 G

165 2603 245 2670 Bere
271 2605 365 2670 Anto.
409 2605 461 2671 De
485 2607 625 2671 machus
650 2609 796 2686 quatuor
822 2605 1014 2688 (auctibus)
1042 2624 1176 2688 maguus

165 2698 271 2759 auctu
301 2693 485 2776 moestae
513 2694 636 2759 Tullius
666 2695 701 2758 ιἰι
727 2692 895 2757 Hortensio
924 2693 1045 2775 diuhco
1071 2694 1175 2775 dispe

166 2787 252 2846 tuns:
283 2778 317 2845 Si
339 2781 444 2866 nohis,
465 2783 577 2865 iuquit,
599 2802 672 2847 cum
695 2801 734 2845 ex
756 2779 817 2845 hac
839 2781 909 2845 rita
931 2781 1174 2864 migrassemus,
1260 2799 1261 2851 l

165 2869 200 2932 in
222 2868 393 2933 beatorum
416 2869 531 2934 insulis
554 2868 740 2934 immortale
763 2890 889 2951 aevum,
916 2873 954 2933 ut
976 2867 1107 2933 fabulae
1129 2867 1173 2933 fe
1186 2886 1210 2926 ιο

165 2959 256 3039 runt,
279 2955 394 3042 degere
418 2957 542 3041 liceret,
567 2956 644 3042 quid
667 2977 748 3041 opus
771 2960 857 3022 esset
880 2956 1075 3041 eloquentia,
1100 2977 1173 3022 cum

165 3043 283 3109 iudicia
305 3044 396 3109 nulla
417 3045 545 3128 fierent,
573 3049 629 3110 aut
652 3044 733 3129 ipsis
761 3045 861 3109 etiam
888 3043 1088 3110 virtutibus?
1114 3065 1172 3109 nec

165 3132 251 3196 enim
273 3130 465 3198 fortitudine
483 3154 656 3235 egeremus
674 3130 766 3198 nullo
788 3132 957 3218 proposito
981 3136 1038 3198 aut
1059 3131 1172 3198 labore
1259 3137 1260 3152 ¹

165 3223 222 3284 aut
245 3220 388 3304 periculo
414 3243 474 3286 nec
500 3221 640 3305 iustitia,
670 3242 742 3285 cum
770 3225 856 3285 esset
882 3220 979 3306 nihil,
1007 3219 1093 3305 quod
1121 3220 1172 3284 ed·

164 3309 343 3390 peteretur,
370 3308 482 3391 alieni,
508 3330 567 3374 nec
594 3307 825 3393 temperantia,
853 3329 934 3391 quae
957 3311 1086 3394 regeret
1109 3325 1209 3391 eas,³⁵

165 3413 247 3476 quae
276 3393 385 3457 nullae
418 3400 539 3478 essent,
571 3395 735 3477 libidines,
766 3416 807 3459 ne
838 3394 1012 3480 prudentia
1044 3394 1170 3478 quidem

164 3499 333 3564 egeremus
358 3480 449 3544 nullo
477 3482 603 3546 delectu
629 3482 798 3567 proposito
826 3482 986 3547 bonorum
1014 3486 1047 3545 et
1075 3481 1170 3546 male

150 3824 297 3888 A
