<?xml version="1.0" encoding="UTF-8"?>
<!DOCTYPE html PUBLIC "-//W3C//DTD XHTML 1.0 Transitional//EN"
    "http://www.w3.org/TR/xhtml1/DTD/xhtml1-transitional.dtd">
<html xmlns="http://www.w3.org/1999/xhtml" xml:lang="en" lang="en">
 <head>
  <title>
</title>
<meta http-equiv="Content-Type" content="text/html;charset=utf-8" />
  <meta name='ocr-system' content='tesseract 3.04.00' />
  <meta name='ocr-capabilities' content='ocr_page ocr_carea ocr_par ocr_line ocrx_word'/>
</head>
<body>
  <div class='ocr_page' id='page_1' title='image "./mtulliiciceroni04mlgoog_0260.png"; bbox 0 0 2578 3950; ppageno 0'>
   <div class='ocr_carea' id='block_1_1' title="bbox 387 534 889 610">
    <p class='ocr_par' dir='ltr' id='par_1_1' title="bbox 387 534 889 610">
     <span class='ocr_line' id='line_1_1' title="bbox 387 534 889 610; baseline 0.008 -4"><span class='ocrx_word' id='word_1_1' title='bbox 387 535 434 606; x_wconf 91' lang='grc' dir='ltr'>Μ.</span> <span class='ocrx_word' id='word_1_2' title='bbox 466 534 608 608; x_wconf 86' lang='lat' dir='ltr'>TULLI</span> <span class='ocrx_word' id='word_1_3' title='bbox 641 535 889 610; x_wconf 79' lang='lat' dir='ltr'>CICERONIS</span> 
     </span>
    </p>
   </div>
   <div class='ocr_carea' id='block_1_2' title="bbox 275 678 1003 898">
    <p class='ocr_par' dir='ltr' id='par_1_2' title="bbox 275 678 1003 898">
     <span class='ocr_line' id='line_1_2' title="bbox 275 678 1003 768; baseline 0.008 -5"><span class='ocrx_word' id='word_1_4' title='bbox 275 679 309 763; x_wconf 92' lang='lat' dir='ltr'>P</span> <span class='ocrx_word' id='word_1_5' title='bbox 371 678 407 764; x_wconf 88' lang='lat' dir='ltr'><strong>A</strong></span> <span class='ocrx_word' id='word_1_6' title='bbox 469 679 507 764; x_wconf 84' lang='lat' dir='ltr'>R</span> <span class='ocrx_word' id='word_1_7' title='bbox 570 680 606 766; x_wconf 88' lang='lat' dir='ltr'><strong>A</strong></span> <span class='ocrx_word' id='word_1_8' title='bbox 668 682 705 766; x_wconf 90' lang='lat' dir='ltr'><strong>D</strong></span> <span class='ocrx_word' id='word_1_9' title='bbox 769 681 801 768; x_wconf 92' lang='lat'>0</span> <span class='ocrx_word' id='word_1_10' title='bbox 864 683 905 768; x_wconf 91' lang='lat' dir='ltr'>X</span> <span class='ocrx_word' id='word_1_11' title='bbox 967 681 1003 768; x_wconf 78' lang='lat' dir='ltr'>A</span> 
     </span>
     <span class='ocr_line' id='line_1_3' title="bbox 469 827 814 898; baseline 0.014 -5"><span class='ocrx_word' id='word_1_12' title='bbox 469 827 814 898; x_wconf 69' lang='lat' dir='ltr'>inuasurus.</span> 
     </span>
    </p>
   </div>
   <div class='ocr_carea' id='block_1_3' title="bbox 475 1029 810 1092">
    <p class='ocr_par' dir='ltr' id='par_1_3' title="bbox 475 1029 810 1092">
     <span class='ocr_line' id='line_1_4' title="bbox 475 1029 810 1092; baseline 0.006 -2"><span class='ocrx_word' id='word_1_13' title='bbox 475 1029 810 1092; x_wconf 79' lang='lat' dir='ltr'><strong>ARGUMENTUM.</strong></span> 
     </span>
    </p>
   </div>
   <div class='ocr_carea' id='block_1_4' title="bbox 135 1142 1150 2134">
    <p class='ocr_par' dir='ltr' id='par_1_4' title="bbox 135 1142 1150 2134">
     <span class='ocr_line' id='line_1_5' title="bbox 209 1142 1148 1218; baseline 0.005 -20"><span class='ocrx_word' id='word_1_14' title='bbox 209 1143 270 1198; x_wconf 91' lang='lat' dir='ltr'>Hoc</span> <span class='ocrx_word' id='word_1_15' title='bbox 289 1143 387 1199; x_wconf 90' lang='lat' dir='ltr'>libello</span> <span class='ocrx_word' id='word_1_16' title='bbox 408 1142 504 1202; x_wconf 85' lang='lat' dir='ltr'>Cicero</span> <span class='ocrx_word' id='word_1_17' title='bbox 524 1144 638 1200; x_wconf 82' lang='lat' dir='ltr'>Catonis</span> <span class='ocrx_word' id='word_1_18' title='bbox 656 1145 806 1218; x_wconf 86' lang='lat' dir='ltr'>Uticensis,</span> <span class='ocrx_word' id='word_1_19' title='bbox 824 1144 945 1217; x_wconf 84' lang='lat' dir='ltr'>perfecti</span> <span class='ocrx_word' id='word_1_20' title='bbox 958 1145 1035 1204; x_wconf 89' lang='lat' dir='ltr'>illius</span> <span class='ocrx_word' id='word_1_21' title='bbox 1050 1145 1148 1218; x_wconf 86' lang='lat' dir='ltr'>Stoici,</span> 
     </span>
     <span class='ocr_line' id='line_1_6' title="bbox 135 1214 1148 1297; baseline 0.004 -28"><span class='ocrx_word' id='word_1_22' title='bbox 135 1214 322 1270; x_wconf 74' lang='lat' dir='ltr'>admiratione</span> <span class='ocrx_word' id='word_1_23' title='bbox 342 1214 480 1270; x_wconf 89' lang='lat' dir='ltr'>adductus</span> <span class='ocrx_word' id='word_1_24' title='bbox 497 1215 665 1297; x_wconf 87' lang='lat' dir='ltr'>disciplinae</span> <span class='ocrx_word' id='word_1_25' title='bbox 681 1217 792 1272; x_wconf 77' lang='lat' dir='ltr'>Stoicae</span> <span class='ocrx_word' id='word_1_26' title='bbox 815 1221 980 1288; x_wconf 86' lang='lat' dir='ltr'>praecepta,</span> <span class='ocrx_word' id='word_1_27' title='bbox 1004 1235 1074 1286; x_wconf 87' lang='lat' dir='ltr'>quae</span> <span class='ocrx_word' id='word_1_28' title='bbox 1098 1219 1148 1273; x_wconf 92' lang='lat' dir='ltr'>ho·</span> 
     </span>
     <span class='ocr_line' id='line_1_7' title="bbox 135 1285 1148 1357; baseline 0.002 -17"><span class='ocrx_word' id='word_1_29' title='bbox 135 1286 227 1340; x_wconf 88' lang='lat' dir='ltr'>mines</span> <span class='ocrx_word' id='word_1_30' title='bbox 247 1285 282 1340; x_wconf 92' lang='lat' dir='ltr'>ob</span> <span class='ocrx_word' id='word_1_31' title='bbox 303 1285 483 1341; x_wconf 86' lang='lat' dir='ltr'>severitatem</span> <span class='ocrx_word' id='word_1_32' title='bbox 501 1286 713 1342; x_wconf 83' lang='lat' dir='ltr'>admirabantur</span> <span class='ocrx_word' id='word_1_33' title='bbox 729 1287 821 1357; x_wconf 80' lang='lat' dir='ltr'>magis</span> <span class='ocrx_word' id='word_1_34' title='bbox 846 1303 930 1356; x_wconf 88' lang='lat' dir='ltr'>quam</span> <span class='ocrx_word' id='word_1_35' title='bbox 953 1289 1148 1357; x_wconf 80' lang='lat' dir='ltr'>sequebantur,</span> 
     </span>
     <span class='ocr_line' id='line_1_8' title="bbox 136 1353 1147 1425; baseline 0.003 -14"><span class='ocrx_word' id='word_1_36' title='bbox 136 1353 294 1425; x_wconf 77' lang='grc' dir='ltr'><strong><em>παράδοξα,</em></strong></span> <span class='ocrx_word' id='word_1_37' title='bbox 314 1372 385 1424; x_wconf 91' lang='lat' dir='ltr'>quae</span> <span class='ocrx_word' id='word_1_38' title='bbox 403 1356 499 1412; x_wconf 90' lang='lat' dir='ltr'>Latini</span> <span class='ocrx_word' id='word_1_39' title='bbox 517 1359 621 1412; x_wconf 85' lang='lat' dir='ltr'>vocant</span> <span class='ocrx_word' id='word_1_40' title='bbox 639 1357 825 1425; x_wconf 87' lang='lat' dir='ltr'>admirabilia,</span> <span class='ocrx_word' id='word_1_41' title='bbox 845 1358 980 1413; x_wconf 86' lang='lat' dir='ltr'>orationis</span> <span class='ocrx_word' id='word_1_42' title='bbox 999 1374 1066 1413; x_wconf 90' lang='lat' dir='ltr'>suae</span> <span class='ocrx_word' id='word_1_43' title='bbox 1086 1377 1147 1414; x_wconf 89' lang='lat' dir='ltr'>sua-</span> 
     </span>
     <span class='ocr_line' id='line_1_9' title="bbox 136 1426 1148 1498; baseline 0.002 -16"><span class='ocrx_word' id='word_1_44' title='bbox 136 1427 227 1482; x_wconf 84' lang='lat' dir='ltr'>vitate</span> <span class='ocrx_word' id='word_1_45' title='bbox 245 1426 358 1482; x_wconf 85' lang='lat' dir='ltr'>mollita</span> <span class='ocrx_word' id='word_1_46' title='bbox 374 1427 493 1498; x_wconf 90' lang='lat' dir='ltr'>probare</span> <span class='ocrx_word' id='word_1_47' title='bbox 511 1428 617 1498; x_wconf 89' lang='lat' dir='ltr'>populo</span> <span class='ocrx_word' id='word_1_48' title='bbox 632 1430 662 1484; x_wconf 88' lang='lat' dir='ltr'>et</span> <span class='ocrx_word' id='word_1_49' title='bbox 675 1427 867 1483; x_wconf 89' lang='lat' dir='ltr'>commendare</span> <span class='ocrx_word' id='word_1_50' title='bbox 882 1428 982 1483; x_wconf 89' lang='lat' dir='ltr'>voluit</span> <span class='ocrx_word' id='word_1_51' title='bbox 1007 1429 1080 1483; x_wconf 83' lang='lat' dir='ltr'>Nam</span> <span class='ocrx_word' id='word_1_52' title='bbox 1094 1431 1148 1484; x_wconf 87' lang='lat' dir='ltr'>etsi</span> 
     </span>
     <span class='ocr_line' id='line_1_10' title="bbox 136 1497 1148 1570; baseline 0.003 -18"><span class='ocrx_word' id='word_1_53' title='bbox 136 1497 167 1552; x_wconf 90' lang='lat' dir='ltr'>in</span> <span class='ocrx_word' id='word_1_54' title='bbox 186 1497 313 1553; x_wconf 86' lang='lat' dir='ltr'>oratione</span> <span class='ocrx_word' id='word_1_55' title='bbox 331 1512 382 1567; x_wconf 90' lang='lat' dir='ltr'>pro</span> <span class='ocrx_word' id='word_1_56' title='bbox 402 1497 432 1553; x_wconf 85' lang='lat' dir='ltr'>L.</span> <span class='ocrx_word' id='word_1_57' title='bbox 451 1497 567 1554; x_wconf 87' lang='lat' dir='ltr'>Murena</span> <span class='ocrx_word' id='word_1_58' title='bbox 585 1497 691 1554; x_wconf 82' lang='lat' dir='ltr'>Catone</span> <span class='ocrx_word' id='word_1_59' title='bbox 714 1500 863 1554; x_wconf 77' lang='lat' dir='ltr'>accusante</span> <span class='ocrx_word' id='word_1_60' title='bbox 883 1498 1040 1555; x_wconf 86' lang='lat' dir='ltr'>Stoicorum</span> <span class='ocrx_word' id='word_1_61' title='bbox 1057 1497 1148 1570; x_wconf 73' lang='grc' dir='ltr'><strong><em>παρά-</em></strong></span> 
     </span>
     <span class='ocr_line' id='line_1_11' title="bbox 136 1567 1148 1638; baseline 0.001 -15"><span class='ocrx_word' id='word_1_62' title='bbox 136 1569 208 1634; x_wconf 75' lang='grc' dir='ltr'>δοξα</span> <span class='ocrx_word' id='word_1_63' title='bbox 226 1567 392 1638; x_wconf 83' lang='lat' dir='ltr'>perstringit</span> <span class='ocrx_word' id='word_1_64' title='bbox 411 1571 441 1623; x_wconf 90' lang='lat' dir='ltr'>et</span> <span class='ocrx_word' id='word_1_65' title='bbox 460 1567 490 1622; x_wconf 91' lang='lat' dir='ltr'>in</span> <span class='ocrx_word' id='word_1_66' title='bbox 508 1569 643 1624; x_wconf 87' lang='lat' dir='ltr'>librorum</span> <span class='ocrx_word' id='word_1_67' title='bbox 662 1569 697 1624; x_wconf 90' lang='lat' dir='ltr'>de</span> <span class='ocrx_word' id='word_1_68' title='bbox 711 1569 812 1625; x_wconf 88' lang='lat' dir='ltr'>finibus</span> <span class='ocrx_word' id='word_1_69' title='bbox 829 1570 869 1624; x_wconf 95' lang='lat' dir='ltr'>III</span> <span class='ocrx_word' id='word_1_70' title='bbox 888 1572 917 1625; x_wconf 92' lang='lat' dir='ltr'>et</span> <span class='ocrx_word' id='word_1_71' title='bbox 933 1569 973 1624; x_wconf 90' lang='lat' dir='ltr'>IV</span> <span class='ocrx_word' id='word_1_72' title='bbox 997 1571 1148 1625; x_wconf 89' lang='lat' dir='ltr'>eorundem</span> 
     </span>
     <span class='ocr_line' id='line_1_12' title="bbox 138 1639 1148 1708; baseline 0.003 -16"><span class='ocrx_word' id='word_1_73' title='bbox 138 1639 297 1694; x_wconf 81' lang='lat' dir='ltr'>austeritati</span> <span class='ocrx_word' id='word_1_74' title='bbox 316 1639 517 1694; x_wconf 91' lang='lat' dir='ltr'>moderandum</span> <span class='ocrx_word' id='word_1_75' title='bbox 536 1657 597 1695; x_wconf 88' lang='lat' dir='ltr'>esse</span> <span class='ocrx_word' id='word_1_76' title='bbox 616 1643 724 1708; x_wconf 90' lang='lat' dir='ltr'>censet,</span> <span class='ocrx_word' id='word_1_77' title='bbox 742 1643 838 1695; x_wconf 89' lang='lat' dir='ltr'>tamen</span> <span class='ocrx_word' id='word_1_78' title='bbox 855 1657 912 1694; x_wconf 92' lang='lat' dir='ltr'>non</span> <span class='ocrx_word' id='word_1_79' title='bbox 930 1643 989 1694; x_wconf 91' lang='lat' dir='ltr'>tam</span> <span class='ocrx_word' id='word_1_80' title='bbox 1004 1640 1148 1696; x_wconf 66' lang='lat' dir='ltr'>domrinae</span> 
     </span>
     <span class='ocr_line' id='line_1_13' title="bbox 137 1709 1148 1780; baseline 0.003 -17"><span class='ocrx_word' id='word_1_81' title='bbox 137 1709 277 1764; x_wconf 89' lang='lat' dir='ltr'>rationem</span> <span class='ocrx_word' id='word_1_82' title='bbox 304 1709 418 1764; x_wconf 90' lang='lat' dir='ltr'>illorum</span> <span class='ocrx_word' id='word_1_83' title='bbox 443 1710 585 1780; x_wconf 82' lang='lat' dir='ltr'>improbat</span> <span class='ocrx_word' id='word_1_84' title='bbox 607 1727 691 1778; x_wconf 89' lang='lat' dir='ltr'>quarn</span> <span class='ocrx_word' id='word_1_85' title='bbox 719 1711 854 1766; x_wconf 89' lang='lat' dir='ltr'>sermonis</span> <span class='ocrx_word' id='word_1_86' title='bbox 882 1711 1070 1766; x_wconf 82' lang='lat' dir='ltr'>insolentiam.</span> <span class='ocrx_word' id='word_1_87' title='bbox 1107 1713 1148 1766; x_wconf 83' lang='lat' dir='ltr'>llo</span> 
     </span>
     <span class='ocr_line' id='line_1_14' title="bbox 137 1778 1148 1907; baseline 0.001 -1"><span class='ocrx_word' id='word_1_88' title='bbox 137 1778 1148 1907; x_wconf 46' lang='lat' dir='ltr'>{trratamtrttrtat‘litteratoria’titt</span> 
     </span>
     <span class='ocr_line' id='line_1_15' title="bbox 137 1869 1149 1993; baseline 0.002 -19"><span class='ocrx_word' id='word_1_89' title='bbox 137 1922 167 1975; x_wconf 90' lang='lat' dir='ltr'>in</span> <span class='ocrx_word' id='word_1_90' title='bbox 187 1938 215 1976; x_wconf 89' lang='lat' dir='ltr'>se</span> <span class='ocrx_word' id='word_1_91' title='bbox 235 1938 290 1976; x_wconf 93' lang='lat' dir='ltr'>uno</span> <span class='ocrx_word' id='word_1_92' title='bbox 309 1869 411 1977; x_wconf 63' lang='lat' dir='ltr'>halese</span> <span class='ocrx_word' id='word_1_93' title='bbox 431 1922 525 1977; x_wconf 90' lang='lat' dir='ltr'>omnia</span> <span class='ocrx_word' id='word_1_94' title='bbox 543 1922 614 1976; x_wconf 91' lang='lat' dir='ltr'>bene</span> <span class='ocrx_word' id='word_1_95' title='bbox 631 1922 769 1992; x_wconf 86' lang='lat' dir='ltr'>beateque</span> <span class='ocrx_word' id='word_1_96' title='bbox 787 1922 902 1978; x_wconf 81' lang='lat' dir='ltr'>vivendi</span> <span class='ocrx_word' id='word_1_97' title='bbox 922 1870 1072 1993; x_wconf 51' lang='lat' dir='ltr'>praesidia.</span> <span class='ocrx_word' id='word_1_98' title='bbox 1094 1872 1149 1978; x_wconf 71' lang='lat' dir='ltr'>qu</span> 
     </span>
     <span class='ocr_line' id='line_1_16' title="bbox 137 1992 1150 2064; baseline 0.002 -18"><span class='ocrx_word' id='word_1_99' title='bbox 137 1992 182 2046; x_wconf 87' lang='lat' dir='ltr'>his</span> <span class='ocrx_word' id='word_1_100' title='bbox 201 1994 296 2047; x_wconf 88' lang='lat' dir='ltr'>autem</span> <span class='ocrx_word' id='word_1_101' title='bbox 315 1992 385 2046; x_wconf 90' lang='lat' dir='ltr'>locis</span> <span class='ocrx_word' id='word_1_102' title='bbox 403 1994 505 2058; x_wconf 90' lang='lat' dir='ltr'>cetera,</span> <span class='ocrx_word' id='word_1_103' title='bbox 529 2007 600 2062; x_wconf 88' lang='lat' dir='ltr'>quae</span> <span class='ocrx_word' id='word_1_104' title='bbox 623 1993 756 2063; x_wconf 82' lang='lat' dir='ltr'>deinceps</span> <span class='ocrx_word' id='word_1_105' title='bbox 778 1992 968 2064; x_wconf 87' lang='lat' dir='ltr'>persequitur,</span> <span class='ocrx_word' id='word_1_106' title='bbox 994 1995 1061 2063; x_wconf 89' lang='lat' dir='ltr'>apta</span> <span class='ocrx_word' id='word_1_107' title='bbox 1084 1996 1150 2048; x_wconf 92' lang='lat' dir='ltr'>sunt</span> 
     </span>
     <span class='ocr_line' id='line_1_17' title="bbox 139 2062 1148 2134; baseline 0.002 -17"><span class='ocrx_word' id='word_1_108' title='bbox 139 2065 168 2117; x_wconf 89' lang='lat' dir='ltr'>et</span> <span class='ocrx_word' id='word_1_109' title='bbox 187 2078 331 2132; x_wconf 87' lang='lat' dir='ltr'>suspensa.</span> <span class='ocrx_word' id='word_1_110' title='bbox 357 2063 455 2131; x_wconf 86' lang='lat' dir='ltr'>Itaque</span> <span class='ocrx_word' id='word_1_111' title='bbox 474 2063 575 2118; x_wconf 90' lang='lat' dir='ltr'>tertius</span> <span class='ocrx_word' id='word_1_112' title='bbox 593 2062 672 2118; x_wconf 87' lang='lat' dir='ltr'>locus</span> <span class='ocrx_word' id='word_1_113' title='bbox 686 2063 963 2134; x_wconf 86' lang='lat' dir='ltr'>cstdepeceatorum</span> <span class='ocrx_word' id='word_1_114' title='bbox 977 2063 1148 2132; x_wconf 86' lang='lat' dir='ltr'>aequalitate</span> 
     </span>
    </p>
   </div>
   <div class='ocr_carea' id='block_1_5' title="bbox 138 2132 1265 2204">
    <p class='ocr_par' dir='ltr' id='par_1_5' title="bbox 138 2132 1265 2204">
     <span class='ocr_line' id='line_1_18' title="bbox 138 2132 1265 2204; baseline 0.001 -16"><span class='ocrx_word' id='word_1_115' title='bbox 138 2133 269 2190; x_wconf 86' lang='lat' dir='ltr'>omniurn.</span> <span class='ocrx_word' id='word_1_116' title='bbox 294 2132 391 2198; x_wconf 81' lang='lat' dir='ltr'>Quarti</span> <span class='ocrx_word' id='word_1_117' title='bbox 402 2134 436 2188; x_wconf 88' lang='lat' dir='ltr'>de</span> <span class='ocrx_word' id='word_1_118' title='bbox 447 2134 596 2190; x_wconf 85' lang='lat' dir='ltr'>stultorum</span> <span class='ocrx_word' id='word_1_119' title='bbox 606 2133 716 2188; x_wconf 88' lang='lat' dir='ltr'>insania</span> <span class='ocrx_word' id='word_1_120' title='bbox 724 2134 780 2188; x_wconf 93' lang='lat' dir='ltr'>loci</span> <span class='ocrx_word' id='word_1_121' title='bbox 789 2149 880 2204; x_wconf 87' lang='lat' dir='ltr'>pauca</span> <span class='ocrx_word' id='word_1_122' title='bbox 889 2134 975 2190; x_wconf 84' lang='lat' dir='ltr'>verba</span> <span class='ocrx_word' id='word_1_123' title='bbox 984 2137 1147 2204; x_wconf 83' lang='lat' dir='ltr'>supersunt;</span> <span class='ocrx_word' id='word_1_124' title='bbox 1259 2136 1265 2150; x_wconf 88' lang='lat'>&#39;</span> 
     </span>
    </p>
   </div>
   <div class='ocr_carea' id='block_1_6' title="bbox 135 2203 1151 3332">
    <p class='ocr_par' dir='ltr' id='par_1_6' title="bbox 135 2203 1151 3332">
     <span class='ocr_line' id='line_1_19' title="bbox 139 2203 1148 2275; baseline 0.001 -15"><span class='ocrx_word' id='word_1_125' title='bbox 139 2203 265 2273; x_wconf 89' lang='lat' dir='ltr'>sequitur</span> <span class='ocrx_word' id='word_1_126' title='bbox 278 2203 369 2272; x_wconf 90' lang='lat' dir='ltr'>aliud,</span> <span class='ocrx_word' id='word_1_127' title='bbox 384 2219 439 2274; x_wconf 93' lang='lat' dir='ltr'>quo</span> <span class='ocrx_word' id='word_1_128' title='bbox 478 2205 559 2260; x_wconf 87' lang='lat' dir='ltr'>robat</span> <span class='ocrx_word' id='word_1_129' title='bbox 572 2204 663 2259; x_wconf 88' lang='lat' dir='ltr'>solum</span> <span class='ocrx_word' id='word_1_130' title='bbox 677 2205 833 2275; x_wconf 86' lang='lat' dir='ltr'>sapientem</span> <span class='ocrx_word' id='word_1_131' title='bbox 848 2221 908 2260; x_wconf 86' lang='lat' dir='ltr'>esse</span> <span class='ocrx_word' id='word_1_132' title='bbox 923 2205 1025 2270; x_wconf 86' lang='lat' dir='ltr'>civem,</span> <span class='ocrx_word' id='word_1_133' title='bbox 1046 2207 1148 2261; x_wconf 89' lang='lat' dir='ltr'>stultos</span> 
     </span>
     <span class='ocr_line' id='line_1_20' title="bbox 139 2223 1148 2346; baseline 0.001 -15"><span class='ocrx_word' id='word_1_134' title='bbox 139 2291 235 2331; x_wconf 81' lang='lat' dir='ltr'>omnes</span> <span class='ocrx_word' id='word_1_135' title='bbox 251 2273 345 2329; x_wconf 84' lang='lat' dir='ltr'>exules</span> <span class='ocrx_word' id='word_1_136' title='bbox 360 2223 487 2346; x_wconf 80' lang='lat' dir='ltr'>exemplo</span> <span class='ocrx_word' id='word_1_137' title='bbox 504 2293 569 2331; x_wconf 89' lang='lat' dir='ltr'>usus</span> <span class='ocrx_word' id='word_1_138' title='bbox 588 2273 721 2341; x_wconf 90' lang='lat' dir='ltr'>alicuius,</span> <span class='ocrx_word' id='word_1_139' title='bbox 744 2291 827 2344; x_wconf 89' lang='lat' dir='ltr'>quem</span> <span class='ocrx_word' id='word_1_140' title='bbox 847 2274 928 2330; x_wconf 86' lang='lat' dir='ltr'>Clodi</span> <span class='ocrx_word' id='word_1_141' title='bbox 947 2276 1067 2330; x_wconf 89' lang='lat' dir='ltr'>similem</span> <span class='ocrx_word' id='word_1_142' title='bbox 1087 2293 1148 2332; x_wconf 89' lang='lat' dir='ltr'>esse</span> 
     </span>
     <span class='ocr_line' id='line_1_21' title="bbox 138 2344 1148 2416; baseline 0.002 -17"><span class='ocrx_word' id='word_1_143' title='bbox 138 2345 233 2414; x_wconf 83' lang='lat' dir='ltr'>fingit,</span> <span class='ocrx_word' id='word_1_144' title='bbox 257 2345 418 2400; x_wconf 84' lang='lat' dir='ltr'>adversarii.</span> <span class='ocrx_word' id='word_1_145' title='bbox 455 2344 558 2410; x_wconf 82' lang='lat' dir='ltr'>Quinto</span> <span class='ocrx_word' id='word_1_146' title='bbox 572 2346 650 2416; x_wconf 93' lang='lat' dir='ltr'>loco,</span> <span class='ocrx_word' id='word_1_147' title='bbox 669 2362 724 2414; x_wconf 93' lang='lat' dir='ltr'>quo</span> <span class='ocrx_word' id='word_1_148' title='bbox 742 2345 772 2402; x_wconf 89' lang='lat' dir='ltr'>L.</span> <span class='ocrx_word' id='word_1_149' title='bbox 792 2345 939 2400; x_wconf 78' lang='lat' dir='ltr'>Lucullum</span> <span class='ocrx_word' id='word_1_150' title='bbox 958 2347 1043 2414; x_wconf 87' lang='lat' dir='ltr'>atque</span> <span class='ocrx_word' id='word_1_151' title='bbox 1062 2347 1148 2401; x_wconf 88' lang='lat' dir='ltr'>etiam</span> 
     </span>
     <span class='ocr_line' id='line_1_22' title="bbox 138 2415 1149 2486; baseline 0.002 -18"><span class='ocrx_word' id='word_1_152' title='bbox 138 2415 320 2470; x_wconf 85' lang='lat' dir='ltr'>Hortensium</span> <span class='ocrx_word' id='word_1_153' title='bbox 333 2415 445 2470; x_wconf 86' lang='lat' dir='ltr'>videtur</span> <span class='ocrx_word' id='word_1_154' title='bbox 459 2421 581 2486; x_wconf 67' lang='lat' dir='ltr'>carpere,</span> <span class='ocrx_word' id='word_1_155' title='bbox 600 2417 656 2469; x_wconf 87' lang='lat' dir='ltr'>nisi</span> <span class='ocrx_word' id='word_1_156' title='bbox 675 2415 831 2486; x_wconf 82' lang='lat' dir='ltr'>sapientem</span> <span class='ocrx_word' id='word_1_157' title='bbox 847 2416 980 2472; x_wconf 86' lang='lat' dir='ltr'>libertate</span> <span class='ocrx_word' id='word_1_158' title='bbox 993 2416 1048 2470; x_wconf 86' lang='lat' dir='ltr'>frui</span> <span class='ocrx_word' id='word_1_159' title='bbox 1061 2417 1149 2472; x_wconf 87' lang='lat' dir='ltr'>nemi·</span> 
     </span>
     <span class='ocr_line' id='line_1_23' title="bbox 138 2486 1147 2557; baseline 0.003 -17"><span class='ocrx_word' id='word_1_160' title='bbox 138 2503 204 2540; x_wconf 90' lang='lat' dir='ltr'>nem</span> <span class='ocrx_word' id='word_1_161' title='bbox 218 2486 310 2552; x_wconf 91' lang='lat' dir='ltr'>docet,</span> <span class='ocrx_word' id='word_1_162' title='bbox 323 2501 406 2557; x_wconf 88' lang='lat' dir='ltr'>posse</span> <span class='ocrx_word' id='word_1_163' title='bbox 420 2487 618 2554; x_wconf 77' lang='lat' dir='ltr'>autamunum·</span> <span class='ocrx_word' id='word_1_164' title='bbox 624 2501 760 2556; x_wconf 85' lang='lat' dir='ltr'>quemque</span> <span class='ocrx_word' id='word_1_165' title='bbox 774 2486 817 2541; x_wconf 86' lang='lat' dir='ltr'>ita</span> <span class='ocrx_word' id='word_1_166' title='bbox 830 2486 934 2553; x_wconf 82' lang='lat' dir='ltr'>vivere,</span> <span class='ocrx_word' id='word_1_167' title='bbox 949 2489 981 2542; x_wconf 92' lang='lat' dir='ltr'>ut</span> <span class='ocrx_word' id='word_1_168' title='bbox 994 2487 1073 2553; x_wconf 84' lang='lat' dir='ltr'>velit,</span> <span class='ocrx_word' id='word_1_169' title='bbox 1092 2487 1110 2542; x_wconf 90' lang='lat' dir='ltr'>i.</span> <span class='ocrx_word' id='word_1_170' title='bbox 1123 2503 1147 2543; x_wconf 87' lang='lat' dir='ltr'>e.</span> 
     </span>
     <span class='ocr_line' id='line_1_24' title="bbox 138 2556 1149 2631; baseline 0.002 -21"><span class='ocrx_word' id='word_1_171' title='bbox 138 2556 259 2610; x_wconf 88' lang='lat' dir='ltr'>liberum</span> <span class='ocrx_word' id='word_1_172' title='bbox 275 2572 345 2623; x_wconf 89' lang='lat' dir='ltr'>esse,</span> <span class='ocrx_word' id='word_1_173' title='bbox 360 2557 384 2612; x_wconf 90' lang='lat' dir='ltr'>si</span> <span class='ocrx_word' id='word_1_174' title='bbox 397 2558 481 2612; x_wconf 92' lang='lat' dir='ltr'>modo</span> <span class='ocrx_word' id='word_1_175' title='bbox 495 2557 672 2631; x_wconf 79' lang='lat' dir='ltr'>honestatem</span> <span class='ocrx_word' id='word_1_176' title='bbox 686 2558 826 2626; x_wconf 85' lang='lat' dir='ltr'>sequatur.</span> <span class='ocrx_word' id='word_1_177' title='bbox 845 2557 971 2626; x_wconf 86' lang='lat' dir='ltr'>Denique</span> <span class='ocrx_word' id='word_1_178' title='bbox 987 2559 1066 2614; x_wconf 83' lang='lat' dir='ltr'>sexto</span> <span class='ocrx_word' id='word_1_179' title='bbox 1075 2557 1149 2625; x_wconf 89' lang='lat' dir='ltr'>loco,</span> 
     </span>
     <span class='ocr_line' id='line_1_25' title="bbox 140 2621 1149 2696; baseline 0.002 -16"><span class='ocrx_word' id='word_1_180' title='bbox 140 2643 195 2696; x_wconf 92' lang='lat' dir='ltr'>quo</span> <span class='ocrx_word' id='word_1_181' title='bbox 214 2627 251 2684; x_wconf 87' lang='lat' dir='ltr'>M.</span> <span class='ocrx_word' id='word_1_182' title='bbox 273 2626 401 2682; x_wconf 82' lang='lat' dir='ltr'>Crassum</span> <span class='ocrx_word' id='word_1_183' title='bbox 420 2624 537 2690; x_wconf 76' lang='lat' dir='ltr'>divite&#39;ni</span> <span class='ocrx_word' id='word_1_184' title='bbox 556 2621 751 2696; x_wconf 77' lang='lat' dir='ltr'>reprehendit,</span> <span class='ocrx_word' id='word_1_185' title='bbox 775 2626 875 2681; x_wconf 89' lang='lat' dir='ltr'>aerarii</span> <span class='ocrx_word' id='word_1_186' title='bbox 892 2627 923 2682; x_wconf 93' lang='lat' dir='ltr'>in</span> <span class='ocrx_word' id='word_1_187' title='bbox 942 2629 1088 2682; x_wconf 88' lang='lat' dir='ltr'>consulatu</span> <span class='ocrx_word' id='word_1_188' title='bbox 1108 2645 1149 2682; x_wconf 91' lang='lat' dir='ltr'>se·</span> 
     </span>
     <span class='ocr_line' id='line_1_26' title="bbox 140 2695 1149 2771; baseline -0.001 -20"><span class='ocrx_word' id='word_1_189' title='bbox 140 2697 232 2752; x_wconf 92' lang='lat' dir='ltr'>cundo</span> <span class='ocrx_word' id='word_1_190' title='bbox 247 2701 281 2767; x_wconf 84' lang='lat' dir='ltr'>(a.</span> <span class='ocrx_word' id='word_1_191' title='bbox 297 2715 322 2755; x_wconf 92' lang='lat' dir='ltr'>u.</span> <span class='ocrx_word' id='word_1_192' title='bbox 334 2714 357 2752; x_wconf 85' lang='lat' dir='ltr'>c.</span> <span class='ocrx_word' id='word_1_193' title='bbox 373 2702 434 2766; x_wconf 81' lang='grc'>699)</span> <span class='ocrx_word' id='word_1_194' title='bbox 450 2697 566 2767; x_wconf 86' lang='lat' dir='ltr'>expilati</span> <span class='ocrx_word' id='word_1_195' title='bbox 580 2696 698 2770; x_wconf 82' lang='lat' dir='ltr'>infamia</span> <span class='ocrx_word' id='word_1_196' title='bbox 704 2695 873 2771; x_wconf 74' lang='lat' dir='ltr'>notabilem,</span> <span class='ocrx_word' id='word_1_197' title='bbox 888 2695 978 2751; x_wconf 88' lang='lat' dir='ltr'>solum</span> <span class='ocrx_word' id='word_1_198' title='bbox 993 2698 1149 2767; x_wconf 85' lang='lat' dir='ltr'>sapientem</span> 
     </span>
     <span class='ocr_line' id='line_1_27' title="bbox 135 2766 1150 2838; baseline -0.001 -16"><span class='ocrx_word' id='word_1_199' title='bbox 135 2768 183 2822; x_wconf 82' lang='lat' dir='ltr'>ait</span> <span class='ocrx_word' id='word_1_200' title='bbox 204 2768 326 2837; x_wconf 83' lang='lat' dir='ltr'>gaudere</span> <span class='ocrx_word' id='word_1_201' title='bbox 345 2767 467 2836; x_wconf 77' lang='lat' dir='ltr'>divitiis,</span> <span class='ocrx_word' id='word_1_202' title='bbox 492 2771 525 2822; x_wconf 93' lang='lat' dir='ltr'>ut</span> <span class='ocrx_word' id='word_1_203' title='bbox 547 2768 753 2838; x_wconf 74' lang='lat' dir='ltr'>quaecumin</span> <span class='ocrx_word' id='word_1_204' title='bbox 777 2766 877 2822; x_wconf 85' lang='lat' dir='ltr'>ceteris</span> <span class='ocrx_word' id='word_1_205' title='bbox 899 2766 1064 2836; x_wconf 86' lang='lat' dir='ltr'>virtutibus,</span> <span class='ocrx_word' id='word_1_206' title='bbox 1089 2769 1150 2821; x_wconf 89' lang='lat' dir='ltr'>tum</span> 
     </span>
     <span class='ocr_line' id='line_1_28' title="bbox 139 2837 1150 2908; baseline 0 -16"><span class='ocrx_word' id='word_1_207' title='bbox 139 2838 259 2894; x_wconf 86' lang='lat' dir='ltr'>maxime</span> <span class='ocrx_word' id='word_1_208' title='bbox 278 2839 308 2896; x_wconf 93' lang='lat' dir='ltr'>in</span> <span class='ocrx_word' id='word_1_209' title='bbox 326 2838 500 2894; x_wconf 89' lang='lat' dir='ltr'>continentia</span> <span class='ocrx_word' id='word_1_210' title='bbox 518 2838 575 2893; x_wconf 88' lang='lat' dir='ltr'>sint</span> <span class='ocrx_word' id='word_1_211' title='bbox 592 2837 713 2908; x_wconf 78' lang='lat' dir='ltr'>positae.</span> <span class='ocrx_word' id='word_1_212' title='bbox 741 2837 801 2892; x_wconf 91' lang='lat' dir='ltr'>Hoc</span> <span class='ocrx_word' id='word_1_213' title='bbox 816 2839 910 2892; x_wconf 87' lang='lat' dir='ltr'>autern</span> <span class='ocrx_word' id='word_1_214' title='bbox 923 2837 1051 2892; x_wconf 87' lang='lat' dir='ltr'>brevium</span> <span class='ocrx_word' id='word_1_215' title='bbox 1067 2854 1150 2906; x_wconf 87' lang='lat' dir='ltr'>quae·</span> 
     </span>
     <span class='ocr_line' id='line_1_29' title="bbox 140 2907 1150 2979; baseline -0.002 -15"><span class='ocrx_word' id='word_1_216' title='bbox 140 2908 276 2978; x_wconf 83' lang='lat' dir='ltr'>stionum,</span> <span class='ocrx_word' id='word_1_217' title='bbox 300 2910 375 2979; x_wconf 93' lang='lat' dir='ltr'>quod</span> <span class='ocrx_word' id='word_1_218' title='bbox 394 2910 430 2964; x_wconf 86' lang='lat' dir='ltr'>ed</span> <span class='ocrx_word' id='word_1_219' title='bbox 453 2909 491 2964; x_wconf 87' lang='lat' dir='ltr'>M.</span> <span class='ocrx_word' id='word_1_220' title='bbox 509 2909 626 2964; x_wconf 82' lang='lat' dir='ltr'>Brutum</span> <span class='ocrx_word' id='word_1_221' title='bbox 644 2908 746 2976; x_wconf 91' lang='lat' dir='ltr'>mittit,</span> <span class='ocrx_word' id='word_1_222' title='bbox 770 2908 965 2964; x_wconf 88' lang='lat' dir='ltr'>munusculum</span> <span class='ocrx_word' id='word_1_223' title='bbox 983 2907 1065 2964; x_wconf 87' lang='lat' dir='ltr'>unius</span> <span class='ocrx_word' id='word_1_224' title='bbox 1083 2909 1150 2964; x_wconf 85' lang='lat' dir='ltr'>anni</span> 
     </span>
     <span class='ocr_line' id='line_1_30' title="bbox 139 2978 1150 3050; baseline 0 -16"><span class='ocrx_word' id='word_1_225' title='bbox 139 2983 281 3050; x_wconf 90' lang='lat' dir='ltr'>tempore,</span> <span class='ocrx_word' id='word_1_226' title='bbox 302 2983 334 3034; x_wconf 93' lang='lat' dir='ltr'>ut</span> <span class='ocrx_word' id='word_1_227' title='bbox 351 2979 476 3048; x_wconf 87' lang='lat' dir='ltr'>videtur,</span> <span class='ocrx_word' id='word_1_228' title='bbox 494 2979 612 3036; x_wconf 89' lang='lat' dir='ltr'>hiberno</span> <span class='ocrx_word' id='word_1_229' title='bbox 631 2978 817 3050; x_wconf 86' lang='lat' dir='ltr'>compositum</span> <span class='ocrx_word' id='word_1_230' title='bbox 836 2995 897 3034; x_wconf 85' lang='lat' dir='ltr'>esse</span> <span class='ocrx_word' id='word_1_231' title='bbox 916 2995 931 3033; x_wconf 91' lang='lat' dir='ltr'>e</span> <span class='ocrx_word' id='word_1_232' title='bbox 953 2978 1090 3049; x_wconf 89' lang='lat' dir='ltr'>prooemii</span> <span class='ocrx_word' id='word_1_233' title='bbox 1104 2985 1119 3045; x_wconf 70' lang='grc' dir='ltr'><strong>ξ</strong></span> <span class='ocrx_word' id='word_1_234' title='bbox 1134 2986 1150 3034; x_wconf 83' lang='grc'>5</span> 
     </span>
     <span class='ocr_line' id='line_1_31' title="bbox 140 3048 1151 3121; baseline -0.001 -17"><span class='ocrx_word' id='word_1_235' title='bbox 140 3053 265 3120; x_wconf 85' lang='lat' dir='ltr'>apparet.</span> <span class='ocrx_word' id='word_1_236' title='bbox 294 3052 334 3106; x_wconf 87' lang='lat' dir='ltr'>Ac</span> <span class='ocrx_word' id='word_1_237' title='bbox 353 3067 521 3121; x_wconf 90' lang='lat' dir='ltr'>quamquam</span> <span class='ocrx_word' id='word_1_238' title='bbox 536 3049 633 3105; x_wconf 80' lang='lat' dir='ltr'>Cicero</span> <span class='ocrx_word' id='word_1_239' title='bbox 649 3049 778 3106; x_wconf 81' lang='lat' dir='ltr'>Crassum</span> <span class='ocrx_word' id='word_1_240' title='bbox 796 3066 819 3106; x_wconf 89' lang='lat' dir='ltr'>a.</span> <span class='ocrx_word' id='word_1_241' title='bbox 835 3067 861 3106; x_wconf 92' lang='lat' dir='ltr'>u.</span> <span class='ocrx_word' id='word_1_242' title='bbox 877 3065 900 3104; x_wconf 89' lang='lat' dir='ltr'>c.</span> <span class='ocrx_word' id='word_1_243' title='bbox 917 3056 966 3106; x_wconf 71' lang='lat'>701</span> <span class='ocrx_word' id='word_1_244' title='bbox 982 3052 1012 3104; x_wconf 86' lang='lat' dir='ltr'>et</span> <span class='ocrx_word' id='word_1_245' title='bbox 1021 3048 1151 3104; x_wconf 83' lang='lat' dir='ltr'>Clodium</span> 
     </span>
     <span class='ocr_line' id='line_1_32' title="bbox 142 3120 1151 3193; baseline -0.006 -15"><span class='ocrx_word' id='word_1_246' title='bbox 142 3127 193 3178; x_wconf 70' lang='lat'>702</span> <span class='ocrx_word' id='word_1_247' title='bbox 212 3121 374 3177; x_wconf 83' lang='lat' dir='ltr'>interfectos</span> <span class='ocrx_word' id='word_1_248' title='bbox 393 3121 503 3193; x_wconf 81' lang='lat' dir='ltr'>dialogi</span> <span class='ocrx_word' id='word_1_249' title='bbox 520 3120 637 3176; x_wconf 89' lang='lat' dir='ltr'>licentia</span> <span class='ocrx_word' id='word_1_250' title='bbox 655 3121 709 3175; x_wconf 88' lang='lat' dir='ltr'>sibi</span> <span class='ocrx_word' id='word_1_251' title='bbox 728 3121 825 3176; x_wconf 86' lang='lat' dir='ltr'>adesse</span> <span class='ocrx_word' id='word_1_252' title='bbox 844 3120 939 3190; x_wconf 92' lang='lat' dir='ltr'>potuit</span> <span class='ocrx_word' id='word_1_253' title='bbox 958 3120 1076 3190; x_wconf 82' lang='lat' dir='ltr'>fingere,</span> <span class='ocrx_word' id='word_1_254' title='bbox 1094 3135 1151 3174; x_wconf 92' lang='lat' dir='ltr'>non</span> 
     </span>
     <span class='ocr_line' id='line_1_33' title="bbox 139 3189 1151 3265; baseline -0.002 -19"><span class='ocrx_word' id='word_1_255' title='bbox 139 3195 236 3248; x_wconf 87' lang='lat' dir='ltr'>tamen</span> <span class='ocrx_word' id='word_1_256' title='bbox 253 3194 320 3263; x_wconf 89' lang='lat' dir='ltr'>post</span> <span class='ocrx_word' id='word_1_257' title='bbox 337 3209 462 3248; x_wconf 89' lang='lat' dir='ltr'>mensem</span> <span class='ocrx_word' id='word_1_258' title='bbox 481 3191 548 3248; x_wconf 86' lang='lat' dir='ltr'>anni</span> <span class='ocrx_word' id='word_1_259' title='bbox 573 3191 843 3260; x_wconf 61' lang='lat' dir='ltr'>romaniamque</span> <span class='ocrx_word' id='word_1_260' title='bbox 867 3190 936 3246; x_wconf 83' lang='lat' dir='ltr'>Cato</span> <span class='ocrx_word' id='word_1_261' title='bbox 955 3193 1074 3246; x_wconf 85' lang='lat' dir='ltr'>mortem</span> <span class='ocrx_word' id='word_1_262' title='bbox 1096 3189 1151 3265; x_wconf 86' lang='lat' dir='ltr'>sibi</span> 
     </span>
     <span class='ocr_line' id='line_1_34' title="bbox 140 3261 1043 3332; baseline 0.003 -14"><span class='ocrx_word' id='word_1_263' title='bbox 140 3262 241 3318; x_wconf 86' lang='lat' dir='ltr'>Uticae</span> <span class='ocrx_word' id='word_1_264' title='bbox 261 3263 405 3332; x_wconf 76' lang='lat' dir='ltr'>conscivit,</span> <span class='ocrx_word' id='word_1_265' title='bbox 424 3262 569 3319; x_wconf 89' lang='lat' dir='ltr'>conditum</span> <span class='ocrx_word' id='word_1_266' title='bbox 586 3262 641 3316; x_wconf 87' lang='lat' dir='ltr'>hoc</span> <span class='ocrx_word' id='word_1_267' title='bbox 660 3263 825 3332; x_wconf 87' lang='lat' dir='ltr'>opusculum</span> <span class='ocrx_word' id='word_1_268' title='bbox 844 3277 904 3318; x_wconf 86' lang='lat' dir='ltr'>csse</span> <span class='ocrx_word' id='word_1_269' title='bbox 922 3261 1043 3320; x_wconf 84' lang='lat' dir='ltr'>videtur.</span> 
     </span>
    </p>
   </div>
   <div class='ocr_carea' id='block_1_7' title="bbox 140 3439 1152 3618">
    <p class='ocr_par' dir='ltr' id='par_1_7' title="bbox 140 3439 1152 3618">
     <span class='ocr_line' id='line_1_35' title="bbox 207 3439 1152 3528; baseline -0.003 -20"><span class='ocrx_word' id='word_1_270' title='bbox 207 3439 447 3527; x_wconf 84' lang='lat' dir='ltr'>Animadverti,</span> <span class='ocrx_word' id='word_1_271' title='bbox 477 3441 595 3525; x_wconf 91' lang='lat' dir='ltr'>Brute,</span> <span class='ocrx_word' id='word_1_272' title='bbox 626 3465 722 3528; x_wconf 89' lang='lat' dir='ltr'>saepe</span> <span class='ocrx_word' id='word_1_273' title='bbox 749 3441 921 3528; x_wconf 82' lang='lat' dir='ltr'>Catonem,</span> <span class='ocrx_word' id='word_1_274' title='bbox 956 3441 1152 3509; x_wconf 83' lang='lat' dir='ltr'>avunculum</span> 
     </span>
     <span class='ocr_line' id='line_1_36' title="bbox 140 3531 1150 3618; baseline -0.001 -24"><span class='ocrx_word' id='word_1_275' title='bbox 140 3534 243 3616; x_wconf 88' lang='lat' dir='ltr'>tuum,</span> <span class='ocrx_word' id='word_1_276' title='bbox 266 3553 339 3596; x_wconf 85' lang='lat' dir='ltr'>cum</span> <span class='ocrx_word' id='word_1_277' title='bbox 361 3532 397 3596; x_wconf 93' lang='lat' dir='ltr'>in</span> <span class='ocrx_word' id='word_1_278' title='bbox 420 3535 535 3598; x_wconf 86' lang='lat' dir='ltr'>senatu</span> <span class='ocrx_word' id='word_1_279' title='bbox 558 3531 755 3598; x_wconf 86' lang='lat' dir='ltr'>sententiam</span> <span class='ocrx_word' id='word_1_280' title='bbox 777 3531 906 3618; x_wconf 88' lang='lat' dir='ltr'>diceret,</span> <span class='ocrx_word' id='word_1_281' title='bbox 929 3531 1019 3599; x_wconf 88' lang='lat' dir='ltr'>locos</span> <span class='ocrx_word' id='word_1_282' title='bbox 1034 3549 1150 3616; x_wconf 80' lang='lat' dir='ltr'>graves</span> 
     </span>
    </p>
   </div>
   <div class='ocr_carea' id='block_1_8' title="bbox 0 0 1303 3950">
    <p class='ocr_par' dir='ltr' id='par_1_8' title="bbox 0 0 1303 3950">
     <span class='ocr_line' id='line_1_37' title="bbox 0 0 1303 3950; baseline 0 0"><span class='ocrx_word' id='word_1_283' title='bbox 0 0 1303 3950; x_wconf 95' lang='lat' dir='ltr'> </span> 
     </span>
    </p>
   </div>
  </div>
 </body>
</html>
