2512 3932
134 135 179 198 24
527 131 579 186 DE
596 130 747 187 orrlcus

133 296 201 360 rari
225 298 283 360 aut
306 297 420 379 optare
441 296 502 360 aut
524 297 673 378 expetere
697 296 848 378 oportere
869 293 1016 376 nullique
1039 315 1149 379 neque

135 383 261 448 homini
287 404 391 466 neque
418 381 657 467 perturbationi
685 380 786 445 animi
807 402 866 445 nec
892 379 1044 447 fortunae
1074 385 1149 448 suh

135 472 293 536 cumbere.
338 471 454 536 Altera
485 473 538 535 cst
567 489 634 554 res,
665 473 715 552 ut,
747 490 819 534 cum
851 468 899 532 ita
931 469 977 534 sis
1010 469 1150 536 affectus

136 560 259 643 animo,
281 562 319 623 ut
341 579 440 643 supra
463 557 542 641 dixi,
564 577 617 622 res
641 577 735 642 geras
754 577 891 642 magnas
913 556 990 621 illas
1015 558 1149 641 quidem
1242 555 1243 586 ³

135 650 169 710 et
186 667 335 712 maxume
354 647 461 728 utiles,
480 645 535 710 sed
559 647 624 726 [ut]
647 644 854 710 vehementer
877 644 994 710 arduas
1017 647 1150 730 plenas-
1177 665 1191 705 s

137 757 199 818 que
226 735 377 800 laborum
405 739 438 798 et
464 733 682 818 periculorum
709 754 783 798 curn
809 733 910 815 vitae,
931 737 1006 798 tum
1028 735 1150 800 multa-

84 839 117 888 67
136 844 209 888 rum
231 844 353 904 rorum,
376 843 459 905 quae
482 821 647 887 advitam
669 820 842 904 pertinent.
887 819 1013 886 Harum
1036 843 1150 887 rerum
1243 821 1244 838 ,

137 910 274 976 duarum
297 910 450 994 splendor
473 909 592 992 omnis,
615 909 810 994 amplitudo,
833 908 916 973 addo
940 910 1040 974 etiam
1059 911 1150 975 utili-

136 1002 253 1081 tatem,
270 998 305 1062 iu
323 997 503 1082 posteriorc
522 1000 585 1080 est,
604 1018 701 1062 causa
719 1001 829 1062 autem
847 1001 880 1061 et
897 997 982 1062 ratio
1002 997 1150 1063 efficiens
1244 996 1245 1072 l

136 1084 1150 1239 {tutitss¹lat0tltleltst0lttttdlulli
1165 1103 1193 1144 ¹⁰
1244 1087 1245 1116 ‘

137 1266 246 1328 autem
264 1262 372 1348 ipsum
390 1261 534 1328 cernitur
551 1261 585 1326 in
603 1261 742 1344 duobus,
765 1261 794 1325 si
817 1264 850 1324 et
869 1261 974 1326 solum
993 1260 1035 1345 id,
1060 1262 1150 1345 quod
1245 1316 1246 1340 ,

136 1350 310 1417 honestum
338 1351 396 1432 sit,
421 1351 542 1415 bonum
565 1348 686 1414 iudices
714 1353 748 1413 et
776 1349 818 1413 ab
841 1349 930 1415 omni
953 1349 1053 1413 animi
1076 1371 1149 1434 per·
1245 1347 1246 1356 ’

135 1439 324 1504 turbatione
347 1439 431 1504 liber
452 1438 506 1502 sis.
551 1435 638 1502 Nem
661 1441 694 1501 et
717 1457 768 1520 ee,
791 1455 874 1521 quae
893 1437 1010 1502 eximia
1031 1437 1149 1522 pleris-

138 1549 199 1610 que
223 1532 256 1592 et
278 1527 446 1611 praeclara
463 1523 623 1608 videntur,
641 1545 743 1610 parva
761 1524 876 1589 ducere
899 1546 1000 1610 eaque
1018 1525 1149 1590 ratione
1165 1541 1192 1582 ¹⁵

138 1614 250 1680 stabili
279 1615 437 1696 firmaque
469 1615 673 1678 contemnere
709 1612 805 1677 fortis
838 1612 939 1677 animi
971 1614 1149 1698 magnique
1246 1634 1247 1654 ,

138 1702 316 1767 ducendum
348 1706 411 1784 est,
448 1704 482 1765 et
513 1720 564 1783 ea,
601 1721 683 1783 quae
715 1701 866 1766 videntur
902 1701 1031 1785 acerba,
1062 1723 1149 1784 quae

136 1790 242 1854 multe
265 1792 299 1854 ct
315 1789 407 1854 varia
424 1788 459 1852 in
476 1788 645 1853 hominurn
662 1788 734 1853 uita
750 1787 945 1872 fortunaque
963 1793 1148 1872 vorsantur,

136 1878 185 1943 ita
206 1877 305 1962 ferre,
332 1881 369 1942 ut
395 1877 478 1942 nihil
507 1898 527 1942 a
553 1879 642 1942 statu
668 1880 804 1942 naturae
832 1876 990 1962 discedas,
1018 1876 1102 1940 nihil
1126 1899 1149 1941 a

138 1966 300 2052 dignitate
323 1965 494 2050 sapientie,
517 1965 645 2030 robusti
664 1965 764 2029 animi
783 1969 833 2030 est
851 1985 1053 2051 magnaeque
1072 1985 1147 2030 con·
1162 1983 1189 2024 ao

84 2068 118 2119 oe
138 2055 287 2120 stantiae.
340 2051 417 2119 Non
448 2056 499 2117 cst
530 2057 639 2118 autem
670 2056 936 2138 consentaneum,
969 2053 1025 2138 qui
1055 2057 1148 2118 metu

136 2136 203 2209 non
220 2141 401 2226 frangatur,
420 2161 494 2204 eum
510 2138 619 2225 frangi
637 2140 814 2224 cupiditate
831 2162 900 2226 nec,
914 2142 970 2225 qui
987 2141 1146 2206 invictum

137 2251 172 2294 se
195 2229 350 2294 elaboro
372 2226 588 2313 praestiterit,
610 2227 696 2293 uinci
719 2251 739 2293 a
760 2229 938 2314 voluptate.
974 2228 1079 2304 Quam
1103 2229 1147 2294 ob

137 2338 207 2382 rem
234 2321 268 2382 et
294 2315 373 2381 haec
400 2314 534 2380 vitanda
563 2318 596 2380 et
618 2316 771 2400 pecuniae
793 2316 949 2402 fugienda
970 2317 1148 2401 cupiditas3

136 2405 220 2471 nihil
244 2403 330 2470 enirn
353 2406 405 2469 est
426 2406 496 2467 tam
514 2404 647 2488 augusti
665 2405 766 2469 animi
783 2408 916 2490 tamque
935 2405 1027 2490 parvi
1047 2426 1146 2490 quam
1162 2422 1191 2462 ²⁵

138 2514 248 2558 amare
262 2491 407 2574 divitias,
420 2490 504 2554 nihil
517 2489 686 2557 honestius
705 2492 1028 2578 magnificentiusque
1047 2514 1146 2576 quam

138 2580 308 2666 pecuniam
334 2583 551 2663 contemnere,
580 2579 609 2644 si
635 2601 701 2646 non
727 2580 863 2666 habeas,
891 2582 919 2646 si
945 2581 1081 2663 habeon,
1104 2581 1147 2646 ad

137 2668 384 2735 beneficentiam
393 2667 690 2752 liberalitatemque
699 2669 853 2734 consone.
881 2667 1033 2735 Cavenda
1046 2669 1147 2734 etiam

138 2762 189 2822 est
212 2757 337 2844 gloriae
356 2755 529 2842 cupiditas,
552 2759 590 2820 ut
608 2777 708 2840 supra
726 2757 805 2840 dixi3
828 2757 927 2843 eripit
945 2757 1031 2823 enim
1049 2757 1147 2821 liber-

137 2849 254 2930 tatem,
282 2867 342 2930 pro
371 2866 435 2929 qua
461 2844 679 2930 magnanimis
706 2845 785 2910 viris
818 2846 923 2910 omnis
951 2845 1046 2910 debet
1074 2865 1146 2910 esse
1161 2862 1192 2903 ³0

139 2933 313 2998 contentio.
348 2931 417 2998 Nec
439 2953 517 2998 uero
534 2932 672 3016 imperia
695 2932 874 3016 expetenda
896 2955 933 2998 ao
955 2934 1065 3019 potius
1089 2937 1148 2998 aut

138 3042 205 3086 non
219 3021 405 3106 accipienda
421 3019 585 3085 interdum
604 3023 660 3084 aut
679 3019 867 3104 deponenda
880 3042 947 3086 non
959 3041 1147 3106 numquam.

85 3124 118 3174 69
137 3107 327 3175 Vacandum
351 3112 459 3174 autem
482 3107 571 3173 omni
593 3111 645 3172 est
668 3107 767 3172 animi
790 3109 1049 3192 perturbatione,
1072 3131 1147 3174 cum

138 3197 315 3281 cupiditate
334 3200 367 3261 et
385 3198 568 3279 unctulum
586 3195 685 3260 etiam
704 3195 906 3280 aegritudine
925 3201 959 3262 et
975 3197 1147 3282 voluptate

137 3285 240 3350 nimia
267 3288 300 3349 et
326 3283 506 3366 iracundia,
528 3286 566 3348 ut
593 3283 817 3367 tranquillitas
845 3285 946 3349 animi
968 3287 1004 3349 et
1030 3284 1147 3349 securi·
1161 3300 1192 3342 ³⁵

12 3421 13 3448 ,
138 3377 190 3439 tus
218 3371 317 3455 adsit,
349 3392 430 3455 quae
459 3371 554 3436 affert
585 3392 658 3436 cum
685 3372 916 3456 constantiam,
947 3375 1019 3438 tum
1046 3372 1148 3437 etiam

139 3459 341 3547 dignitatem.
375 3457 473 3523 Multi
492 3462 601 3525 autem
624 3463 658 3524 et
677 3463 753 3526 sunt
775 3464 810 3525 ct
825 3458 971 3546 fuerunt,
990 3460 1045 3546 qui
1064 3480 1147 3546 eam,
