2570 3944
266 196 492 253 FRAGMENTA
510 195 778 256 EPISTULARUM.
797 196 945 257 lul-111
964 204 988 254 6.
1066 198 1134 266 293

192 360 221 425 5.
243 359 433 428 Ammianus
449 358 591 426 Muroelt
609 357 703 426 XXI
716 364 827 428 1613
855 358 896 428 Ut
918 359 1042 426 Tullius
1063 381 1134 445 quo

123 468 181 530 que
202 448 285 514 docet
307 448 495 514 crudelitatis
517 450 679 530 ioerepous
696 446 857 514 Gaesarem
879 449 914 513 iu
935 449 1071 532 quodum
1092 451 1137 515 ud

124 535 272 619 Nepotem
293 536 439 620 epistola:
462 533 575 619 Neque
595 536 680 602 enim
699 535 870 622 quiequam
890 535 978 600 aliud
997 541 1047 602 est
1065 536 1134 603 seli·

124 625 221 708 oitas,
247 625 359 706 iuquit,
383 623 446 689 nisi
467 623 678 688 honestarum
701 645 809 690 rerum
832 624 1049 709 prosperitas,
1072 625 1134 710 vel,

96 716 162 778 sut
185 711 249 780 alio
273 711 368 778 modo
395 710 559 789 definiam,
586 711 725 806 felipitas
754 715 805 778 est
830 711 963 778 fortuna
993 713 1134 780 adiutrix

124 800 334 866 consiliorum
353 801 521 884 bonorum,
561 799 657 866 uibus
676 800 732 885 qui
749 822 816 865 non
834 800 947 884 utitur,
964 800 1044 866 felix
1063 823 1133 868 esse

123 889 215 954 nullo
242 892 339 974 pacto
366 891 484 973 potest.
529 822 618 974 firgo
646 887 680 952 in
705 885 840 974 perditis
863 888 1038 973 impiisque
1061 911 1134 955 con-

124 976 221 1059 siliis,
252 976 367 1060 quibus
391 975 512 1042 Caesar
534 997 612 1042 usus
635 977 699 1060 est,
725 975 817 1042 nulla
839 977 948 1062 potuit
972 998 1041 1042 esse
1065 977 1134 1043 feli-

125 1065 221 1148 citas,
249 1063 438 1148 feliciorque
461 1063 672 1129 meoiudicio
696 1061 856 1130 Camillus
878 1065 1011 1130 exulans
1036 1087 1133 1152 quam

82 1171 110 1211 ιο
124 1152 327 1237 temporibus
350 1151 451 1217 isdem
474 1150 624 1236 Manlius,
647 1151 789 1236 etiamsi,
814 1151 848 1216 id
871 1153 957 1236 quod
980 1155 1134 1239 cupierat,

124 1260 263 1326 regnare
285 1239 455 1325 potuisset.

192 1329 221 1393 6.
252 1327 340 1394 Idem
371 1327 496 1394 XXVI
522 1334 550 1394 1.
581 1330 606 1394 2
632 1327 721 1394 Haeo
750 1307 877 1410 quidum
908 1333 1040 1395 ueterum
1069 1330 1133 1411 sor·

5 1439 6 1448 ¹
124 1415 276 1481 mrdoutes
302 1418 483 1500 aequitioues
509 1421 634 1484 mtuum
655 1416 812 1482 uariorum
840 1415 920 1482 stilis
944 1416 1135 1484 uberioribus

124 1504 292 1586 explicatus
313 1525 376 1570 oou
398 1505 514 1570 edidere
534 1505 717 1586 superstites,
738 1508 775 1570 ut
795 1503 831 1570 iu
847 1505 983 1587 quddam
1000 1505 1044 1572 ud
1061 1505 1133 1572 Gor·

83 1609 111 1650 1⁵
123 1594 240 1658 uetium
258 1592 404 1676 Nepotem
422 1592 551 1676 epistula
571 1592 693 1658 Tullius
713 1611 830 1678 ortoque
851 1597 934 1660 testis
956 1593 1135 1662 reoereudus

125 1681 282 1765 adfirmat.

523 1806 734 1814 ————---——-

292 1982 346 2046 111.
378 1981 434 2044 Aa
458 1981 674 2044 classeam
696 1979 819 2043 ausu.
843 1982 918 2043 ma.
941 1983 965 2044 1.
1038 1947 1042 1956 ’

196 2118 222 2183 1.
246 2117 370 2185 Nouius
388 2140 420 2202 p.
443 2122 518 2186 270.
540 2121 581 2186 15
602 2125 631 2185 et
647 2140 681 2202 p.
702 2123 765 2185 319
774 2138 816 2202 sq.
852 2119 899 2188 M.
925 2119 1047 2188 Tullius
1071 2123 1133 2206 epi·

125 2205 279 2272 stuimum
301 2209 345 2272 ad
366 2207 526 2274 Caesarem
554 2207 604 2273 lrlr.
626 2207 664 2272 1:
691 2205 788 2292 Tum,
815 2229 963 2290 cumea,
990 2231 1071 2294 quae
1099 2232 1132 2276 es

83 2311 112 2353 20
127 2294 169 2359 ab
193 2298 307 2360 senatu
331 2316 457 2360 summo
480 2317 553 2362 aum
575 2295 698 2364 honore
720 2299 778 2362 tuo
802 2299 1000 2362 consecutus.

193 2381 222 2447 2.
246 2380 328 2448 Nou.
342 2405 374 2466 p.
392 2388 468 2450 287.
485 2386 529 2450 25
546 2384 594 2452 Μ.
615 2383 736 2449 Tullius
759 2384 792 2450 iu
814 2385 944 2468 epistula
965 2385 1008 2454 ad
1025 2384 1133 2454 Gaetu·

125 2490 190 2534 rem
205 2469 254 2535 iob.
269 2470 303 2534 I:
321 2469 461 2537 Balbum
481 2470 594 2555 quanti
610 2469 727 2538 faciam
743 2491 903 2558 quamque
917 2473 947 2537 ei
961 2494 1012 2538 me
1026 2476 1132 2540 totum

127 2557 314 2641 dicaverim,
338 2580 376 2623 ex
400 2559 471 2644 ipso
495 2559 587 2625 scias.

193 2647 223 2712 3.
237 2646 319 2712 Nou.
328 2667 362 2728 p.
375 2651 449 2713 327.
463 2650 484 2713 5
497 2647 544 2712 Μ.
559 2645 682 2712 llrtiius
699 2647 900 2728 epistularum
917 2649 961 2712 ud
973 2645 1133 2714 Cauarem

84 2751 112 2791 25
127 2733 177 2800 zu.
195 2734 231 2798 I:
248 2733 356 2800 Debes
374 2734 481 2800 odisse
499 2734 743 2819 improbitatem
762 2733 839 2819 eius,
858 2734 935 2819 quia
951 2735 1134 2819 impruden·

126 2822 290 2887 tissimum
312 2843 430 2890 nomen
454 2823 620 2908 delegerit.

192 2912 222 2975 4.
246 2910 328 2976 Nou
344 2933 378 2993 p.
401 2916 472 2977 413.
494 2915 539 2976 29
561 2911 610 2976 Μ
629 2910 753 2976 Tullius
774 2910 977 2994 epistularum
999 2912 1042 2976 od
1059 2909 1133 2977 an-

125 3018 226 3066 surem
245 2998 294 3065 tu.
312 2998 350 3063 1:
372 3004 410 3064 ut
429 2999 526 3064 sciret
546 2998 665 3063 tuenda
688 2997 811 3063 maiore
833 3019 910 3064 eura
933 3019 1013 3086 esse,
1036 3019 1133 3084 quam

125 3083 222 3172 parta
245 3089 331 3152 sunt.

85 3189 113 3232 u
192 3175 222 3240 5.
245 3174 328 3241 Nou.
346 3195 379 3258 p.
401 3177 471 3241 3⁰5.
494 3178 516 3240 8
538 3174 586 3240 M.
610 3173 733 3242 Tullius
755 3173 888 3256 mistum
909 3175 952 3239 ud
973 3172 1134 3240 Cursorem

126 3262 176 3328 lit.
199 3262 237 3327 1.·
264 3261 379 3347 ltaque
405 3281 532 3344 vereor,
559 3282 600 3326 ne
627 3261 816 3328 ferociorem
838 3260 962 3327 iaciant
982 3266 1041 3326 tua
1064 3266 1127 3327 tam

8 3409 9 3416 ,
125 3351 293 3436 praeclara
315 3350 433 3418 iudicia
456 3349 495 3415 de
519 3370 566 3415 eo.

8 3447 10 3570 l

192 3440 221 3505 6.
244 3439 326 3504 Nou.
343 3459 377 3522 p.
394 3443 467 3506 369.
484 3442 527 3504 30
544 3436 592 3503 Μ.
610 3431 733 3504 ltdiirrs
749 3439 786 3503 iu
806 3438 946 3521 epistolis
965 3437 1008 3504 ad
1024 3433 1128 3504 Gaetu·

124 3546 189 3592 rem
208 3526 258 3593 tt.
275 3525 312 3590 I:
336 3526 422 3611 quod
446 3526 608 3611 sapientes
631 3525 778 3593 homines
802 3547 839 3592 ue
862 3527 940 3592 boni
962 3531 1091 3612 putant.
