2504 3950
429 209 507 267 GAP.
526 217 550 280 1,
569 217 594 266 2.
618 216 635 278 ὃ
655 215 732 269 1-6,
1016 210 1081 275 133

75 371 229 437 admirari
246 370 409 438 videmini.
441 370 565 446 Quibus
584 373 670 438 enim
688 371 773 436 nihil
790 376 840 437 est
857 371 893 437 in
909 371 990 458 ipsis
1009 372 1081 457 opis

74 459 112 524 sd
135 459 219 524 bene
243 460 401 544 beateque
427 461 614 545 vivendum,
645 460 692 524 eis
720 460 825 524 omnis
853 463 943 526 aetas
971 461 1081 562 gravis

73 551 134 630 est3
158 547 216 630 qui
242 551 350 614 autem
374 547 483 613 omnia
505 549 593 613 bona
613 570 635 613 a
657 569 692 612 se
713 548 779 632 ipsi
798 551 923 632 petunt,
940 549 981 613 iis
998 548 1082 614 nihil

72 635 197 700 malum
218 639 331 719 potest
353 635 464 718 videri,
487 635 573 720 quod
595 639 731 702 naturae
751 635 929 702 necessitas
947 636 1082 702 adferet.

50 721 141 798 rouo
165 723 202 786 in
226 743 343 808 genere
366 727 417 788 est
439 723 610 807 inprimis
633 727 800 807 senectus3
832 745 931 808 quam
957 729 994 789 ut
1016 725 1082 789 adi·

73 811 243 895 piscantur
280 831 391 876 omncs
429 814 559 896 optant,
600 812 735 878 eandem
771 815 924 877 accusant
960 811 1083 896 adepti3

73 902 165 963 tanta
203 901 256 962 est
293 899 454 963 stultitiae
489 899 708 965 inconstantia
744 904 842 984 etque
876 900 1083 986 perversitas.

74 985 240 1070 Obrepere
264 986 358 1050 aiunt
380 1008 451 1051 eam
476 987 581 1070 citius,
600 1009 697 1071 quam
715 992 895 1072 putassent.
937 988 1084 1052 Primum

75 1074 143 1156 quis
168 1073 282 1159 coegit
305 1095 359 1139 eos
381 1073 502 1139 falsum
524 1077 664 1159 putare?
701 1076 756 1159 qui
783 1077 869 1140 enim
891 1077 988 1142 citius
1009 1077 1084 1142 adu-

43 1161 249 1226 1⁰lescentiae
265 1165 412 1228 senectus
423 1183 521 1248 quarn
534 1162 694 1247 pueritiae
704 1163 923 1229 adulescentia
934 1164 1084 1250 obrepit?

73 1248 198 1314 Deinde
223 1249 282 1332 qui
302 1250 409 1315 minus
433 1251 543 1336 gravis
566 1255 653 1316 esset
674 1251 716 1314 iis
744 1255 906 1336 senectus,
934 1252 962 1316 si
984 1253 1086 1318 octin-

74 1337 294 1422 gentesimum
325 1360 446 1403 annum
478 1342 613 1424 agerent
647 1361 745 1422 quem
776 1339 806 1403 si
828 1340 1085 1425 octogesimum?

73 1425 255 1509 praeterita
280 1427 366 1490 enim
390 1431 479 1491 uetus
508 1426 657 1510 quamvis
680 1427 780 1511 longa
807 1448 880 1492 oum
900 1426 1086 1512 effluxisset,

72 1513 162 1578 nulla
178 1513 362 1579 consolatio
381 1515 580 1598 permulsere
598 1518 710 1598 posset
728 1516 865 1580 stultam
878 1519 1084 1580 senectutem.

44 1613 63 1654 ¹⁵
75 1600 234 1676 Quocirca
258 1601 287 1665 si
310 1601 503 1687 sapientiem
528 1624 636 1666 meam
664 1603 819 1668 admirari
846 1604 959 1669 soletis
989 1602 1119 1688 (quaec

73 1689 200 1754 utinam
230 1688 330 1773 digna
352 1694 438 1754 esset
461 1689 613 1774 opinione
635 1693 745 1756 vestra
767 1695 945 1776 nostroque
968 1712 1085 1778 cogno-
1120 1772 1122 1777 ,

74 1774 199 1863 minet),
213 1777 249 1840 in
261 1777 325 1842 hoo
343 1799 452 1842 snmus
467 1778 639 1862 sapientes,
652 1779 739 1861 quod
750 1782 904 1845 naturam
916 1784 1085 1864 optumam

75 1864 188 1930 ducem
207 1868 376 1948 tamquam
396 1865 490 1930 deum
509 1866 674 1950 sequimur
693 1866 785 1950 eique
799 1887 964 1951 paremus,
987 1891 1007 1932 a
1021 1890 1086 1952 qua

73 1973 136 2017 non
158 1952 231 2017 veri
255 1952 362 2018 simile
385 1956 448 2037 est,
480 1974 553 2018 cum
580 1957 706 2018 ceterae
726 1957 839 2037 partes
863 1954 980 2020 aetatis
1003 1955 1085 2020 bene

43 2039 252 2124 ²⁰discriptae
276 2040 356 2124 sint,
384 2044 564 2107 extremum
591 2045 700 2106 sctum
727 2045 895 2126 tamquam
919 2041 961 2107 ab
987 2041 1086 2108 inerti

74 2127 997 2300 iiiiqiiidesesxetririrgdiritiiniuridiedaiiinaridiirsniebfdlclis
1015 2151 1086 2284 (issie

74 2324 195 2388 raeque
212 2301 379 2370 {ructibus
401 2305 592 2370 maturitate
619 2306 815 2390 tempestiva
843 2307 936 2391 quasi
962 2307 1085 2372 vietum

74 2395 105 2456 et
121 2391 294 2474 caducum,
312 2393 398 2476 quod
410 2392 581 2457 ferundum
595 2397 646 2457 est
659 2394 804 2459 molliter
823 2394 972 2480 sapienti.
1001 2393 1086 2470 Quid

43 2483 123 2543 esse
146 2481 238 2544 enirn
262 2480 351 2545 aliud
373 2479 552 2566 Gigantum
574 2481 671 2546 modo
693 2481 817 2548 bellare
845 2504 918 2550 cum
945 2481 995 2547 dis
1020 2482 1085 2548 nisi

74 2571 212 2634 naturae
234 2569 444 2653 repugnare?
761 2595 765 2602 ⁴

136 2656 288 2722 Linum.
323 2655 435 2740 Atqui,
454 2654 545 2740 Ceto,
563 2657 786 2741 gratissimum
805 2657 910 2743 nobis,
929 2661 968 2722 nt
986 2659 1083 2723 ctiam
1103 2679 1119 2727 s

75 2763 132 2826 pro
157 2741 310 2828 Scipione
332 2743 498 2829 pollicear,
519 2743 643 2828 feceris,
666 2745 708 2828 si,
731 2744 884 2828 quoniam
908 2765 1085 2830 speramus,

75 2832 228 2896 volumus
255 2831 385 2915 quidem
412 2835 499 2897 certe
526 2853 618 2898 senes
645 2833 730 2915 fieri,
761 2832 865 2898 multo
898 2836 973 2898 unte
1006 2855 1025 2897 a
1051 2837 1085 2898 te

44 2931 65 2972 ω
76 2917 292 3001 didicerimus,
306 2920 423 3004 quibus
436 2919 592 2985 facillime
605 2920 788 2986 rationibus
805 2919 1084 3005 ingravescentem

75 3011 220 3072 oetatsm
242 3005 326 3072 ferre
349 3007 520 3092 possimus.

140 3094 232 3161 Guro.
271 3093 402 3160 Faciam
433 3115 525 3179 vero,
556 3093 876 3180 Laeli,praeserti1u
899 3095 928 3160 si
954 3095 1110 3180 utrique.

76 3185 232 3264 vestrum,
253 3186 291 3247 ut
313 3182 403 3265 dicis,
426 3186 556 3268 gratum
577 3183 724 3247 futurum
747 3187 806 3248 est.

142 3269 288 3337 Limus.
324 3269 484 3336 Volumus
508 3291 599 3354 sene,
622 3271 689 3334 nisi
711 3271 885 3337 molestum
906 3274 969 3354 est,
992 3268 1084 3357 Octo,

45 3367 66 3410 ⁸⁵
77 3358 247 3441 tamquam
260 3359 392 3444 longam
407 3357 652 3442 aliquam'uiam
666 3357 850 3443 confeceris,
873 3381 971 3444 qnam
988 3361 1083 3426 nobis

79 3464 206 3598 quoque
228 3445 477 3534 ingrediundum
495 3445 663 3532 sit,.istuc,
686 3467 750 3530 quo
768 3447 954 3533 pervenisti,
975 3448 1084 3514 videre

79 3552 176 3614 qnae
199 3534 249 3600 sit.
296 3581 299 3590 .
