2542 3950
168 181 233 246 352
556 177 782 234 FRAGMENTA
902 125 907 136 ¹

168 341 331 409 Platonem
350 339 498 418 Socrates,
520 360 589 405 cum
610 343 685 405 esset
705 340 741 403 ia
762 339 901 411 autodia
915 337 1057 422 milico,
1079 339 1181 406 diacus
1249 347 1250 378 ¹

168 429 298 508 Oritoni,
315 449 370 495 suo
386 428 552 510 familiari,
568 428 629 494 suli
640 431 713 509 post
729 427 852 491 tertium
870 427 950 490 diem
967 447 1034 492 esse
1049 430 1180 493 morim-

168 519 259 596 dum,·
281 519 393 583 uidisse
408 536 440 582 se
457 517 492 580 iu
508 516 624 582 samma
634 514 866 598 pulchritudine
882 515 999 578 eximia
1016 515 1182 601 feminam,

168 626 247 690 qum
271 626 303 672 se
327 605 451 670 nemim
476 604 635 688 appellans
660 604 770 668 diuma
794 602 996 667 Hornericum
1025 606 1181 686 quendam

169 696 236 760 eius
257 695 340 758 modi
361 713 499 757 ammom:
1202 711 1213 751 ι

215 781 327 846 Tertia
349 785 383 845 te
404 779 545 844 Phthiae
566 782 746 863 tempestas
769 778 857 843 lucta
878 777 1010 844 locabit.

237 871 266 934 6.
293 869 354 935 aa.
383 869 471 932 Tum
497 866 565 932 III
587 873 616 932 9.
643 871 686 932 18
711 866 821 948 (Hom
847 865 905 930 IX
925 867 1081 950 tttsqq.)
1108 868 1183 934 Nou

170 958 276 1022 inscite
297 955 489 1021 Heracleotes
509 953 682 1036 Dionysius
702 955 746 1020 ad
765 974 802 1019 ea
823 955 973 1037 disputat,
995 975 1076 1036 quac
1097 958 1185 1038 apiud

171 1045 343 1113 Homerum
365 1043 500 1109 Achilles
520 1044 659 1124 queritur
679 1041 747 1126 hoc,
769 1047 805 1106 ut
825 1043 947 1126 opinor,
969 1045 1078 1108 awdo:

216 1130 343 1218 Corque
366 1153 473 1196 meum
495 1129 624 1215 penitus
647 1129 807 1216 turgescit
829 1130 980 1195 tristibus
1002 1131 1078 1214 iris,
1195 1151 1216 1190 ιι

217 1219 299 1285 Cum
318 1220 430 1285 decore
446 1222 544 1303 atque
563 1218 652 1283 omni
668 1240 721 1282 me
740 1219 891 1283 orbatum
909 1218 1005 1284 laude
1018 1219 1183 1285 recordor.

239 1310 268 1373 l.
285 1308 347 1374 Cic.
367 1309 456 1374 Tusa.
473 1303 539 1371 ΙΙΙ
552 1310 606 1372 27.
624 1308 665 1372 65
682 1306 792 1389 (Hom.
806 1306 899 1370 XIX
913 1309 980 1372 226
988 1308 1069 1390 sqq.)
1085 1308 1185 1390 Apeud

171 1397 343 1463 Horuemm
369 1397 541 1462 cotidianae
565 1414 650 1460 neces
675 1395 875 1475 interitusque
899 1395 1068 1459 multonem
1095 1397 1183 1461 seda·

171 1487 283 1550 tionem
305 1485 462 1550 maerendi
484 1482 643 1564 adferunt,
665 1484 751 1564 aprrd
770 1503 858 1564 quem
879 1483 926 1546 ito
947 1483 1079 1547 dicitur:

216 1571 364 1655 Namque
385 1571 483 1635 nimis
506 1569 628 1634 multos
651 1572 750 1653 atque
772 1570 861 1634 omni
882 1569 954 1634 luce
976 1570 1125 1636 cadentis
1195 1587 1216 1628 1⁶
1252 1571 1253 1648 ἶ

217 1657 398 1740 Cernimus,
420 1661 458 1722 ut
480 1677 575 1722 nemo
598 1656 704 1740 possit
727 1678 872 1722 maerore
894 1679 1020 1723 vacare.
1252 1661 1253 1690 ¹

216 1745 286 1822 Quo
307 1746 413 1830 magis
437 1748 488 1810 est
510 1765 647 1828 aequum
665 1746 802 1810 tumulis
820 1744 974 1810 mandare
992 1750 1182 1831 peremptos

215 1833 327 1900 Firmo
349 1833 458 1899 animo
481 1835 515 1899 et
537 1834 660 1898 luctum
683 1833 826 1898 lacrimis
848 1831 942 1898 finire
965 1832 1100 1899 diurnis.

524 1987 552 2044 e.
579 1987 626 2044 ux
647 1955 819 2042 ODYSSEA.

241 2100 269 2164 1.
291 2098 353 2166 aa.
375 2100 412 2164 de
432 2098 487 2180 iim
510 2097 604 2163 1⁷18.
622 2101 666 2161 49
688 2096 797 2178 (Horu.
820 2094 901 2160 XII
917 2097 1106 2179 184—191)
1128 2096 1219 2162 Itaa

172 2187 308 2251 inuitaui
319 2185 472 2268 (Sirenes)
491 2183 612 2250 Uticam
624 2183 715 2267 (nom
727 2185 812 2262 uerti,
829 2187 865 2247 ut
876 2184 1027 2265 quaedam
1040 2183 1185 2269 Hormi,

172 2275 217 2340 sic
238 2274 332 2338 istum
353 2274 456 2355 misum
479 2272 608 2356 marom:

218 2361 245 2426 0
270 2360 365 2426 decus
388 2359 592 2446 Argolicum,
616 2359 693 2443 quin
714 2358 851 2444 puppim
872 2357 989 2440 flectis,
1011 2356 1143 2444 Ulixes,

219 2448 362 2514 Auribus
385 2452 423 2513 ut
444 2450 576 2513 nostros
598 2447 705 2533 possis
729 2467 902 2531 agnoscere
925 2448 1055 2512 mutua!

217 2535 304 2602 Nam
314 2558 408 2602 nemo
418 2536 498 2602 haec
506 2555 661 2617 umquam
670 2538 931 2600 esttransvectue
939 2535 1069 2600 caerula
1077 2552 1218 2622 cursat

219 2623 304 2700 Quin
326 2626 416 2710 prius
439 2623 603 2689 adstiterit
625 2645 742 2688 vocum
765 2621 930 2688 dulcedine
953 2625 1081 2706 captus,

218 2712 299 2778 Post
321 2712 421 2778 variis
444 2711 539 2777 avido
562 2711 701 2775 satiatus
723 2714 853 2796 pectore
876 2710 977 2775 musis

219 2800 355 2867 Doctior
378 2801 419 2868 ad
440 2799 565 2885 patries
588 2799 700 2882 lapsus
723 2798 907 2883 pervenerit
929 2818 1013 2862 oras.

219 2887 289 2954 Nos
313 2909 412 2974 grave
434 2891 599 2953 eertumen
620 2887 700 2951 belli
723 2887 910 2968 clademque
932 2889 1094 2963 tenemus,

220 2974 356 3042 Graecia
379 2998 476 3060 quam
499 2974 615 3040 Troius
637 2974 747 3039 divino
769 2974 900 3039 numine
923 2973 1024 3056 vexit,
1198 2990 1221 3030 eo

220 3063 400 3148 Omniaque
423 3087 441 3129 e
463 3063 541 3128 latis
563 3083 672 3127 rerum
695 3062 835 3147 vestigia
856 3062 962 3126 terris.

243 3153 272 3218 2.
300 3152 360 3218 Cio.
388 3154 424 3218 de
448 3153 515 3232 sato
539 3151 601 3234 fro.
622 3155 644 3216 3
669 3171 719 3234 ap.
741 3151 872 3233 Aliquot.
899 3151 935 3215 de
959 3149 1012 3214 cic.
1035 3149 1084 3214 dei
1113 3148 1186 3216 V&

176 3238 285 3322 (Hom.
303 3240 432 3305 XVIII
448 3239 576 3320 136sq.)
595 3237 653 3303 Illi
674 3258 790 3321 quamue
810 3258 914 3304 aercius
931 3237 1091 3302 Homerici
1112 3235 1187 3302 taio

176 3329 340 3392 montiae
364 3327 593 3409 meffraqantur,
617 3347 693 3408 quos
715 3326 817 3393 OEoero
844 3328 880 3391 iu
902 3326 1052 3391 Latimr
1078 3326 1186 3390 uertit:

221 3412 317 3477 Tales
340 3417 416 3477 sunt
437 3413 606 3478 hominum
629 3417 767 3497 mentes,
791 3413 880 3497 quali
903 3417 997 3498 pater
1019 3413 1089 3496 ipse
1201 3427 1223 3469 ³⁵

220 3498 367 3583 Iuppiter
390 3501 563 3564 auctiferas
586 3501 741 3566 lustravit
763 3501 884 3566 lumine
907 3505 1021 3565 terrae.

572 3639 780 3650 ..η-*-
