2504 3950
132 166 178 236 68
524 160 573 215 un
593 157 743 216 omions

80 344 116 396 at
134 327 340 397 mbitramur.
385 322 511 390 Harum
538 320 641 407 igitur
667 320 805 386 duarum
833 317 874 384 ad
900 317 997 382 fidem
1025 315 1147 382 lacien-

134 416 209 486 dum
227 413 354 482 iustitia
372 412 446 498 plus
465 410 576 496 pollet,
595 408 716 493 quippe
733 429 808 474 oum
825 427 864 472 ea
882 405 952 472 sine
970 403 1149 504 pendentia

135 504 216 570 satis
238 502 359 568 habeat
382 498 602 580 auctoritatis,
624 495 798 582 prudentia
820 494 889 560 siue
911 491 1040 558 iustitia
1062 492 1149 558 nihil

133 591 223 658 uulot
250 588 291 659 ud
317 588 498 657 faciendam
523 585 629 652 fidem.
674 583 745 659 Quo
773 582 859 648 enim
887 581 960 665 quis
982 580 1149 646 versutior
1220 645 1228 656 ,

135 682 168 744 et
200 678 362 760 callidior,
392 676 455 742 hoo
486 674 622 741 invisior
652 677 686 738 et
711 671 893 757 suspeetior
920 673 970 736 est
998 668 1151 734 detracta
1178 685 1194 726 s

135 767 286 852 opinione
299 763 483 852 pnobitatis.
506 762 611 838 Quam
625 762 667 826 ob
681 781 751 828 rem
763 756 1008 844 intellegentiae
1017 757 1150 823 iustitia

135 856 314 937 coniuncta,
337 856 496 937 quantum
518 850 619 933 volet,
638 848 774 915 habebit
790 847 833 912 ed
848 845 1031 914 faciendam
1049 845 1150 912 fidem

134 943 267 1025 virium3
294 940 421 1006 iustitia
447 940 519 1004 sine
546 937 719 1023 prudentia
744 936 886 1002 multum
912 933 1050 1020 poterit,
1077 934 1149 1000 siue

84 1090 127 1154 10
136 1030 264 1096 iustitia
285 1029 369 1094 nihil
392 1026 515 1128 solebit
540 1025 719 1127 prudentia.
927 1112 933 1125 ι

83 1167 117 1216 ³⁶
135 1115 802 1306 ,uuistuom
1166 1130 1194 1172 ¹⁰

137 1297 194 1378 s1t,
222 1294 279 1378 qui
300 1315 399 1360 unam
421 1292 570 1376 haberat,
598 1311 710 1356 omnes
732 1289 853 1355 habere
881 1288 1034 1372 virtutes,
1062 1309 1150 1354 nune

135 1382 184 1448 ita
207 1382 390 1468 seiimgam',
418 1380 512 1465 quasi
537 1379 644 1465 possit
672 1378 857 1463 quisquam,
885 1377 941 1460 qui
967 1396 1034 1441 non
1061 1376 1151 1442 idem
1244 1439 1245 1442 ,

135 1471 278 1555 prudens
297 1471 351 1554 sit,
372 1470 478 1536 iustus
496 1488 575 1551 esse,
598 1467 665 1532 alia
683 1469 733 1532 est
751 1465 819 1550 illa,
842 1487 916 1532 eum
933 1464 1056 1530 veritas
1075 1464 1151 1549 ipsa

136 1559 272 1626 limatur
293 1559 328 1624 in
350 1555 583 1640 disputatione,
606 1554 789 1636 subtilitas,
812 1554 891 1636 aliu,
918 1574 992 1618 oum
1015 1553 1058 1618 ad
1081 1553 1150 1637 opi·
1166 1571 1194 1611 ιε

136 1647 269 1714 monem
286 1664 489 1711 communem
502 1643 608 1709 omnis
623 1641 885 1710 accommodatur
899 1640 1013 1706 oratio.
1042 1639 1150 1716 Quam
1244 1665 1245 1674 ¹

137 1733 183 1798 ob
198 1755 276 1816 tem,
298 1735 336 1796 ut
353 1732 481 1818 volgus,
498 1733 546 1800 ita
562 1752 623 1797 nos
641 1731 704 1796 hoe
722 1731 793 1796 loeo
812 1729 986 1814 loquimur,
1007 1732 1045 1794 ut
1063 1727 1150 1794 alios
1244 1725 1245 1780 ἶ

135 1821 248 1905 fortes,
267 1820 350 1888 alios
366 1820 457 1886 viros
472 1821 586 1899 bonoS,
605 1819 688 1886 alios
706 1818 880 1905 prudentes
900 1839 971 1884 esse
989 1816 1151 1901 dieamus3

136 1909 347 1994 popularibus
371 1909 457 1974 enim
479 1909 586 1974 verbis
610 1911 661 1972 est
679 1906 840 1993 agendum
858 1909 891 1972 et
909 1905 1050 1990 usitatis,
1074 1927 1149 1971 oum

136 1997 300 2080 loquimur
331 1998 371 2064 de
399 1997 550 2082 opinions
580 1995 745 2080 populari,
777 1994 873 2078 idque
905 1993 1017 2059 eodem
1049 1993 1149 2060 modo
1165 2013 1194 2053 au

85 2102 119 2152 se
137 2084 216 2150 feeit
232 2084 417 2150 Panaetius.
454 2081 518 2150 Sed
540 2083 581 2148 ad
597 2083 803 2167 propositum
821 2086 1032 2147 revertamur.
1064 2081 1150 2148 Erat

137 2170 1150 2326 {teanensibus

1041 2281 1061 2323 a
1106 2281 1149 2323 ns

138 2347 229 2434 digni
251 2310 473 2414 iudicaremur.
509 2345 722 2412 Admiranuu
740 2346 843 2433 igitur
863 2347 1078 2412 communiter
1096 2347 1150 2411 illi

138 2437 269 2520 quidem
286 2434 405 2518 omnia,
423 2456 506 2518 quae
524 2456 644 2520 magna
661 2439 694 2500 et
710 2439 841 2521 praeter
854 2435 1040 2520 opinionem
1054 2456 1150 2500 suam
1164 2453 1193 2496 u

139 2524 445 2606 animadverterimt,
468 2523 644 2607 separatim
667 2527 786 2608 autem,
807 2524 844 2588 in
865 2523 1003 2609 singulis
1027 2523 1057 2588 si
1077 2545 1150 2609 per·

138 2611 279 2698 spiciunt
300 2611 494 2696 necopinata
516 2611 675 2695 quaedum
697 2612 793 2678 bona.
832 2611 947 2695 Itaque
976 2632 1031 2677 eos
1057 2612 1149 2676 viros

139 2699 319 2784 suspioiunt
346 2699 569 2783 maxumisque
596 2698 742 2766 ecferunt
768 2700 933 2784 laudibus,
964 2699 1000 2764 in
1029 2700 1151 2783 quibus

139 2789 337 2857 existumant
360 2808 395 2853 se
417 2787 612 2854 excellentes
635 2788 793 2872 quasdam
815 2792 849 2852 et
871 2787 1054 2874 singulares
1077 2809 1149 2872 per·

139 2876 262 2961 spicere
283 2876 433 2960 vistutes,
455 2875 636 2961 despiciunt
659 2880 768 2942 autem
790 2897 845 2941 eos
869 2879 903 2941 et
925 2879 1149 2960 contemnunt,
1162 2894 1191 2936 ao

138 2964 173 3028 in
196 2963 312 3048 quibus
335 2963 419 3028 nibil
441 2963 587 3048 virtutis,
614 2964 698 3030 nihil
726 2963 840 3048 animi,
866 2963 951 3029 nihil
972 2985 1150 3030 nervorum

138 3056 266 3205 {islant
297 3049 379 3204 ,lion
402 3051 488 3204 enlm
511 3073 622 3204 &mnes
646 3073 701 3120 eos
725 3051 1149 3206 ⁰91¹l0m1ssunl>d⁰lqulbu⁵

138 3161 504 3313 nandulitlssitn
522 3162 620 3296 ,ib
633 3140 1149 3295 lltntl‘ntblstsstz
1243 3185 1244 3234 ³

137 3318 204 3397 tos,
231 3336 286 3380 eos
313 3315 401 3380 haud
428 3319 638 3382 contemnunt
666 3315 809 3400 quidem,
843 3316 900 3382 sad
927 3317 966 3380 de
991 3316 1032 3381 iis
1061 3317 1148 3384 male
1161 3330 1189 3376 st

66 3425 68 3430 ·
138 3402 344 3468 existumant.
389 3402 494 3477 Quam
517 3404 559 3468 ob
582 3425 660 3483 rem,
682 3408 819 3470 utente
842 3404 917 3488 dixi,
939 3408 1149 3470 contemnun-

137 3493 193 3556 tur
215 3490 248 3572 ii,
271 3489 327 3573 qui
349 3488 433 3556 ‘neo
456 3490 534 3556 sibi
555 3513 623 3558 nea
647 3491 790 3576 alteri',
812 3495 850 3557 ut
872 3491 998 3576 dieitur,
1020 3491 1057 3556 in
1079 3493 1149 3576 qui·
