2542 3950
167 149 234 214 432
297 146 431 204 ORATIO
449 147 573 204 PRIDIE
593 146 698 212 QUAM
716 145 757 200 IN
774 145 930 202 EXILIUM
947 145 1042 202 IRET.

168 331 222 376 ros
240 331 330 376 meos
347 308 383 374 in
401 313 543 377 vestram
559 310 656 374 fidem
674 308 839 392 recipietis
856 329 977 391 eosque
995 307 1186 374 defendatis

168 421 248 465 nere
270 398 418 463 inimicos
441 419 530 462 meos
553 397 684 483 longius
706 397 742 462 in
758 396 919 461 familiam
936 400 1087 462 nostram
1107 419 1187 481 pro

168 486 260 573 gredi
282 485 463 571 patiamini,
485 485 606 570 utique,
630 486 699 552 sive
720 483 797 550 hinc
820 484 1023 550 abierosive
1045 483 1103 550 hie
1126 506 1187 550 ero

118 576 1098 745 10llt1053trftl²llddtlttddiltdlttt
1115 595 1186 746 {¹223
1214 677 1226 717 ⁵

116 721 151 769 24
168 755 214 833 te,
244 748 392 834 Iuppiter
419 749 541 833 optime
565 750 719 833 ,maxima
751 750 841 814 cuius
872 751 955 814 nutu
986 770 1025 814 ao
1053 748 1185 814 dicione

170 839 241 904 ecla
262 842 424 902 terrarum
445 838 681 922 gubernantur,
708 839 819 920 teque,
847 837 1011 922 particeps
1038 837 1185 921 conubii,

169 927 257 992 socia
279 925 385 1012 regni,
407 925 522 1010 regina
544 924 638 1010 Iuno,
660 929 770 1009 teque,
793 924 954 1008 Iritonia,
977 925 1183 1009 armipotens

169 1013 390 1100 Gorgophona
407 1012 517 1078 Pallas
535 1012 690 1096 Minerva,
712 1013 874 1097 ceterique
897 1012 930 1076 di
953 1013 1096 1096 deaeque
1119 1013 1183 1078 im·

168 1103 339 1186 mortales,
365 1102 421 1185 qui
443 1101 613 1167 excellenti
634 1101 761 1166 tumulo
785 1100 928 1166 civitatis
951 1100 1062 1166 sedem
1085 1099 1222 1186 Capi-10

168 1191 230 1257 toli
265 1191 300 1254 in
337 1211 414 1254 saro
451 1189 594 1255 incolitis
631 1189 860 1267 constitutam,
900 1193 937 1254 ut
971 1209 1039 1254 non
1070 1190 1183 1254 solum

169 1281 318 1344 cunctam
340 1277 468 1361 intueri,
490 1277 547 1343 sed
570 1277 669 1361 etiam
692 1277 778 1342 tueri
799 1277 934 1362 possitis
952 1277 1138 1360 civitatem
1161 1300 1183 1342 a

170 1388 307 1452 quorum
330 1387 391 1452 ego
408 1365 571 1449 quondam
594 1365 720 1430 altariis
745 1365 880 1449 impiam
902 1364 1023 1431 civium
1045 1387 1182 1430 manum

168 1454 300 1533 removi,
319 1477 339 1520 a
357 1476 494 1538 quorum
507 1454 640 1538 templis
654 1475 726 1518 meo
740 1453 883 1538 periculo
896 1453 1061 1519 funestam
1074 1452 1179 1518 facem

169 1542 305 1628 reppuli,
319 1563 359 1606 ne
370 1541 638 1606 inlustrissimum
652 1542 741 1608 orbis
755 1545 916 1608 terrarum
930 1545 1177 1606 monumentum
1191 1558 1216 1598 1⁵

169 1653 241 1696 cum
255 1629 399 1715 principe
413 1629 558 1694 omnium
571 1633 731 1694 terrarum
746 1630 905 1696 occideret
916 1629 1059 1713 civitate,
1072 1633 1179 1714 teque,

168 1717 315 1803 Iuppiter
324 1714 445 1800 Stator,
460 1739 555 1801 quem
567 1739 643 1782 vere
656 1717 752 1782 huius
766 1717 894 1804 imperii
907 1721 1067 1784 statorem
1078 1718 1179 1782 maio

168 1827 221 1872 res
239 1805 344 1870 nostri
360 1806 619 1889 nominavcnmt,
641 1806 731 1872 cuius
749 1806 786 1870 in
801 1806 925 1890 templo
943 1805 1100 1871 hostilem
1118 1804 1178 1871 im-

168 1897 281 1978 petum
309 1891 470 1958 Catilinae
496 1894 624 1978 reppuli
651 1915 671 1960 a
700 1894 815 1977 muris,
847 1893 937 1959 cuius
968 1894 1134 1978 templum,
1158 1917 1178 1958 a
1234 1939 1235 1968 ,

168 1981 309 2047 Romulo
336 1981 432 2046 victis
455 1979 584 2048 Sabinis
611 1983 648 2047 in
667 1982 777 2047 Palati
803 1981 911 2048 radice
932 2003 1006 2047 cum
1028 1980 1212 2047 Victoriam
1232 1981 1234 2064 l

169 2073 219 2134 est
237 2069 451 2152 conlocatum,
474 2091 532 2134 oro
551 2073 648 2154 atque
667 2090 809 2154 opsecro,
830 2069 914 2134 ferte
935 2091 1031 2154 opem
1053 2071 1176 2154 pariter
1232 2075 1233 2116 l

168 2157 216 2221 rei
234 2156 383 2240 publicae
401 2159 598 2240 cunctaeque
619 2156 747 2223 civitati
764 2156 908 2240 meisque
925 2157 1077 2241 fortunis,
1098 2159 1174 2222 resi·
1231 2139 1232 2192 l

169 2244 246 2309 stite
272 2243 446 2308 tribunicio
473 2244 592 2329 furori,
621 2245 729 2310 favete
758 2245 974 2328 innocentiae,
1006 2246 1174 2311 subvenite
1229 2275 1230 2340 p

169 2332 346 2416 solitudini,
363 2331 561 2398 miseremini
578 2333 762 2417 senectutis,
782 2333 884 2398 nolite
902 2355 977 2398 eum
996 2333 1174 2418 supplicem
1228 2357 1229 2414 l

169 2421 298 2486 avcbis
318 2420 499 2486 absterrere
518 2425 551 2484 et
569 2420 745 2504 excludere,
767 2421 823 2504 qui
840 2421 876 2487 in
898 2443 956 2486 suo
980 2423 1174 2506 magistratu
1186 2437 1208 2477 2⁵
1227 2419 1228 2488 l

116 2522 150 2572 2⁶
168 2508 331 2572 firnestam
344 2507 449 2573 facem
467 2509 618 2574 avestris
636 2509 779 2593 reppulit
797 2509 938 2595 templis.
974 2507 1010 2575 Si
1024 2508 1057 2574 Ο.
1070 2509 1172 2574 Mario
1224 2491 1227 2636 s

169 2595 290 2662 auxilio
311 2594 434 2679 firistis,
462 2597 549 2680 quod
574 2596 609 2660 in
635 2596 719 2661 clivo
743 2594 929 2680 Capitolino
951 2597 1172 2682 improborum
1224 2639 1225 2642 =

166 2681 1171 2857 existerem,semincrepion

169 2881 230 2944 quo
253 2857 309 2925 Gn.
327 2858 492 2944 Pompeio,
515 2859 602 2944 quod
623 2863 712 2924 terra
734 2861 880 2944 marique
902 2823 1204 2926 hostes'reddidirc

167 2951 312 3032 pacatos,
336 2947 382 3012 sic
403 2967 488 3012 nunc
510 2947 546 3011 in
567 2947 648 3012 meis
669 2946 912 3013 calamitatibus
932 2949 1075 3032 aliquam
1093 2950 1170 3014 ferte

169 3055 264 3120 opem
283 3034 438 3118 divinam3
456 3038 493 3100 ut
511 3057 608 3120 saepe
626 3035 804 3101 multorum
822 3036 857 3100 in
874 3036 1027 3121 periculis
1042 3036 1170 3120 fecistis,

168 3123 215 3188 sic
240 3145 325 3188 nunc
351 3122 387 3188 in
401 3123 493 3188 *meis
521 3122 661 3188 miseriis
689 3123 833 3188 divinum
861 3123 992 3208 aliquod
1019 3125 1169 3190 auxilium

115 3190 155 3313 ἐξ
168 3215 201 3274 et
231 3231 352 3275 numen
383 3210 551 3276 ostendite.
596 3209 721 3276 Deinde
752 3233 825 3296 vos,
859 3234 997 3296 quorum
1028 3217 1167 3297 potestas

167 3297 313 3380 proxime
337 3296 378 3360 ad
401 3298 533 3364 deorum
554 3298 789 3373 immortalium
812 3321 932 3365 numen
954 3299 1089 3383 accedit,
1114 3321 1165 3364 oro
1178 3313 1201 3354 ³⁵

167 3384 266 3463 atque
297 3404 445 3468 opsecro,
478 3386 594 3470 quibus
627 3386 822 3472 singillatim
850 3409 945 3472 saepe
973 3388 1106 3473 supplex
1130 3386 1167 3452 ad

167 3467 265 3550 pedes
288 3468 382 3552 iacui,
405 3475 442 3535 ut
465 3494 552 3557 eum,
575 3495 671 3556 quem
693 3474 816 3560 singuli
838 3479 979 3542 stratum
1002 3479 1097 3558 atque
1118 3475 1168 3540 ab
