2578 3950
401 201 477 262 une.
498 209 602 261 eo-re
638 209 654 270 e
675 211 787 264 re-eo.
1027 212 1091 276 159

108 360 271 431 mimorum
297 361 514 447 disseruisset3
546 364 575 430 is
603 365 659 448 qui
679 362 772 434 'esset
794 368 937 440 omnium
967 369 1091 455 sapien-

107 449 234 516 tissimus
258 451 387 516 oreeulo
405 450 571 535 Apollinis
590 452 758 520 iudicatus.
791 453 875 529 Quid
895 457 1021 522 multa?
1045 458 1091 524 sie

106 537 234 619 persuasi
255 538 350 621 mihi,
373 537 421 608 sio
442 539 561 622 sentio,
583 561 657 606 cum
679 544 773 608 tanta
795 543 943 614 celeritas
970 544 1090 614 animo·

105 625 238 706 rameii,
268 629 362 694 tauta
388 626 545 698 memoria
566 628 816 712 praeteritorum
843 629 1090 716 futurorumque

86 711 265 796 ⁵prudentie,
287 715 340 778 tot
357 717 455 798 artes,
476 717 589 783 tentae
612 715 775 800 scientiae,
797 719 849 786 tot
865 718 1006 804 iuventa,
1024 743 1091 787 uon

104 819 183 881 posse
205 821 276 866 eam
297 805 458 884 naturam,
481 823 633 885 quaeres
652 825 707 874 eas
725 805 899 890 contiueat,
918 827 988 875 esse
1007 829 1090 872 mor-

104 887 195 970 talem,
216 910 353 972 eumque
376 910 502 972 semper
520 890 664 976 agitetur
683 891 809 962 enimus
823 914 882 961 neo
894 894 1090 978 principium

104 977 193 1040 motus
214 975 344 1061 habeat,
368 976 445 1060 quia
467 998 501 1042 se
523 977 594 1062 ipse
616 984 755 1063 moreat,
777 1001 818 1046 ue
840 981 937 1048 finem
960 982 1090 1066 quidem

103 1060 272 1132 habiturum
295 1083 365 1132 esse
388 1067 510 1148 motus,
534 1065 610 1148 quie
631 1087 809 1151 numquam
831 1089 866 1134 se
887 1069 957 1153 ipse
981 1071 1024 1136 sit
1042 1092 1089 1136 re

77 1163 94 1204 10
104 1148 233 1235 lioturue,
261 1155 308 1230 et,
335 1173 410 1220 oum
438 1152 575 1237 simplex
603 1153 702 1220 animi
729 1158 816 1220 esset
841 1159 959 1223 natura
984 1179 1089 1240 neque

103 1235 219 1304 heberet
246 1238 282 1307 in
309 1259 344 1304 se
372 1239 543 1324 quiequam
571 1240 750 1308 admixtum
777 1242 887 1326 dispar
915 1243 965 1308 sui
992 1249 1089 1328 atque

102 1323 253 1410 dissimile,
280 1348 347 1392 non
369 1347 465 1412 posse
488 1349 562 1397 eum
584 1327 697 1411 dividi3
720 1329 807 1413 quod
829 1329 858 1393 si
879 1351 946 1396 nou
968 1336 1088 1416 posset,

101 1431 153 1478 nou
168 1435 261 1498 posse
279 1415 426 1500 interire3
444 1435 627 1501 magnoque
646 1437 717 1483 esse
730 1421 923 1502 argumento
941 1418 1088 1485 homines

102 1500 167 1568 seire
186 1503 342 1586 pleraque
365 1506 454 1586 ante,
484 1524 582 1586 quem
604 1504 675 1570 nati
697 1504 776 1587 siut,
800 1504 886 1588 quod
904 1505 970 1572 iam
988 1507 1089 1589 pueri,

76 1600 160 1655 urum
173 1594 258 1656 artes
279 1589 426 1657 difficiles
445 1590 580 1674 diseunt,
602 1591 651 1658 ita
669 1592 816 1662 celeriter
833 1613 886 1658 res
908 1593 1088 1664 innumera-

65 1745 69 1753 ,
101 1674 168 1743 biles
188 1678 360 1763 arripient,
387 1681 425 1744 ut
454 1699 508 1746 eas
530 1701 598 1747 nou
619 1682 690 1744 tum
712 1680 853 1764 primum
877 1681 1021 1765 aeoipere
1043 1682 1089 1748 vi·

101 1761 225 1847 deantur,
250 1765 308 1832 sed
321 1766 484 1840 reminisci
497 1770 531 1831 et
549 1767 719 1834 reeordari.
747 1767 836 1835 Haeo
849 1766 997 1834 Platonis
1011 1769 1088 1836 fere.

100 1850 180 1933 Apud
199 1853 450 1937 Xenophontem
474 1857 583 1920 eutem
603 1855 744 1921 moriens
764 1853 867 1937 Oyrue
887 1857 991 1920 meior
1008 1836 1140 1961 haee2729

102 1935 174 2005 dieit:
204 1940 356 2007 ‘Nolite
379 1942 588 2025 arbitrari,
615 1964 634 2007 o
658 1941 752 2008 mihi
779 1942 973 2014 <rarissimi
995 1942 1089 2026 filii,

75 2036 155 2109 dne,
174 2049 255 2097 oum
279 2051 299 2099 a
321 2029 432 2094 vobis
455 2029 688 2115 discessero,
709 2050 896 2112 nusquam
920 2033 986 2097 aut
1003 2031 1087 2095 nul·

100 2109 162 2178 lum
181 2115 275 2182 fore.
308 2114 386 2184 Neo
408 2117 523 2201 enirn,
546 2117 630 2184 dum
654 2138 756 2184 eram
774 2117 987 2203 vobiscum,
1006 2118 1087 2185 ani·

46 2241 47 2246 κ
101 2219 180 2269 uum
209 2225 332 2272 meum
367 2203 581 2289 videbatis,
617 2205 684 2271 sed
714 2227 798 2272 eum
831 2227 916 2272 esre
947 2205 986 2270 in
1017 2206 1088 2271 hoo

101 2307 240 2373 corpore
265 2313 309 2356 ex
330 2291 379 2358 iis
398 2293 526 2375 rebuS,
550 2314 643 2376 quas
662 2293 856 2378 gerebam,
878 2293 1088 2378 intellege-

101 2372 194 2445 betis.
238 2379 411 2446 Eundem
432 2379 556 2466 igitur
584 2400 667 2446 esse
696 2380 901 2464 oreditote‚
931 2380 1087 2446 etiamsi

75 2464 229 2535 suillum
253 2467 446 2534 videbitis.
493 2466 571 2537 Neo
592 2487 682 2533 vero
702 2468 898 2534 clarorum
915 2467 1085 2533 virorum
1105 2483 1139 2534 80

101 2555 363 2632 postmortem
398 2555 564 2622 honores
597 2559 881 2639 permanerent,
918 2555 951 2620 si
986 2555 1086 2620 nihil

101 2657 209 2708 eornm
236 2642 413 2727 ipsorum
440 2643 557 2714 enimi
585 2641 806 2726 effieerent,
839 2664 911 2724 quo
940 2643 1087 2708 diutius

101 2729 306 2802 memoriam
327 2730 387 2797 sui
408 2734 641 2800 teneremus.
684 2727 779 2796 Mihi
803 2728 957 2813 quidem
984 2751 1088 2793 num·

102 2831 193 2895 quem
224 2817 450 2903 persuaderi
480 2819 612 2901 potuit
638 2816 799 2900 animos,
831 2815 915 2883 dum
942 2816 981 2880 in
1008 2837 1087 2881 eor-

75 2903 242 2981 eporibur
265 2905 398 2970 essent
416 2906 664 2989 mortalibus,
689 2903 833 2988 rivere,
860 2925 942 2969 oum
960 2925 1088 2971 exces-

46 3049 47 3056 ,
101 2987 227 3057 sissent
259 3014 303 3066 ex
333 2993 402 3077 eis,
438 2993 570 3077 emori,
600 3013 668 3060 nee
695 2995 893 3061 veretum
921 2991 1089 3056 animum

101 3093 168 3144 esse
202 3080 465 3166 insipientem,
502 3103 584 3148 eum
620 3101 663 3146 ex
694 3078 900 3164 insipienti
928 3099 1088 3162 corpore

46 3179 48 3232 l
100 3167 289 3252 evenisset,
320 3168 384 3234 sed
411 3191 493 3236 eum
521 3168 623 3235 omni
650 3167 885 3234 admixtione
913 3165 1087 3250 eorporis

46 3233 48 3292 l
100 3247 275 3323 liberatus
298 3277 420 3341 purus
443 3259 481 3325 et
503 3257 656 3342 integer
679 3275 762 3320 esse
780 3253 987 3337 coepisset,
1009 3256 1089 3318 tum

46 3355 47 3414 ς
74 3343 170 3406 ldesse
192 3344 408 3430 rapientem.
441 3343 567 3430 Atque
591 3342 707 3408 etiam
730 3364 811 3407 oum
833 3341 1001 3406 hominis
1024 3363 1089 3406 ne-

46 3419 47 3476 l
100 3425 174 3493 tura
196 3435 317 3497 morte
341 3431 587 3515 dissolvitur,
617 3434 830 3497 ceterarum
857 3451 982 3496 rerum
1004 3451 1087 3512 por·

101 3514 257 3596 epieuum
276 3522 335 3586 est
354 3540 426 3604 quo
441 3539 612 3604 quaeque
627 3517 812 3602 discedat,
830 3517 971 3584 abeunt
990 3515 1089 3580 enim
