2512 3932
152 162 194 226 12
545 155 596 212 DE
614 155 765 212 orrlons

151 342 249 406 quam
276 341 386 408 agere,
418 318 505 402 quod
536 315 664 384 dubites
696 337 835 401 aequum
862 316 908 382 sit
934 338 976 381 an
1002 316 1161 400 iniquum.
1242 327 1243 332 ’

151 409 310 493 Aequitas
328 407 515 508 enimlucet
528 407 672 492 ipseper
686 427 730 491 se,
749 405 911 470 dubitatio
926 404 1162 490 cogitationem

99 555 142 681 ff
152 497 558 666 SlgnSliidaindidilidltaesaepe
575 584 733 665 tempora,
756 601 829 646 cum
847 601 894 664 aa,
918 599 1001 664 quae
1018 577 1162 646 maxims

150 672 301 738 ridentur
322 671 422 756 digna
444 691 515 736 esse
535 669 622 734 iusto
646 668 778 733 homine
798 686 910 752 eoque,
934 685 1029 752 quem
1052 668 1189 734 rimmo

151 761 274 826 bonum
300 759 449 843 diurnus,
475 760 717 823 commutantur
743 757 888 842 fiuntque
915 755 1097 840 contraria,
1124 761 1163 821 ut

151 849 284 914 reddere
309 846 507 931 depositum,
538 844 644 910 facem
675 844 885 928 promissum
917 863 1063 932 quaeque
1091 862 1162 928 per—

150 936 258 1000 tinent
279 933 322 1000 sd
340 933 513 999 veritatem
530 936 565 997 et
583 932 625 998 ad
642 931 748 1015 fidem,
771 953 810 997 ea
831 932 974 1016 migrare
995 931 1162 996 interdum

151 1027 185 1088 et
206 1042 273 1088 non
294 1041 425 1087 servare
446 1022 485 1090 fit
502 1021 633 1084 iustum
674 1018 801 1084 Referri
825 1020 912 1084 enim
931 1019 1026 1084 decet
1046 1020 1091 1084 ad
1113 1041 1162 1106 aa,

149 1131 234 1194 quae
260 1109 356 1196 posui
382 1108 557 1194 principio,
586 1107 798 1174 fundamenta
826 1107 985 1190 iustitiae,
1017 1108 1161 1192 primum
1177 1125 1203 1166 io

150 1203 189 1264 ut
204 1219 246 1264 ne
263 1198 315 1263 cui
331 1200 497 1281 noceatm,
518 1195 632 1262 deinde
649 1199 688 1263 ut
705 1196 868 1262 communi
884 1193 1023 1260 utilitati
1041 1197 1162 1261 servie-

150 1290 213 1351 tur.
248 1284 301 1352 Ea
321 1305 394 1352 oum
416 1288 563 1368 tempora
580 1285 831 1366 commutentur,
854 1286 1073 1349 commutatur
1091 1281 1162 1349 offi-

98 1390 132 1439 32
151 1375 237 1440 cium
259 1377 293 1438 et
313 1392 382 1439 non
403 1393 530 1456 semper
552 1376 603 1436 eat
624 1371 719 1436 idem.
763 1371 878 1436 Potest
906 1371 993 1436 enim
1014 1372 1162 1440 accidem

150 1462 347 1548 promissum
361 1460 493 1544 aliquod
507 1463 540 1524 et
554 1462 758 1544 conventum,
775 1463 813 1524 ut
831 1459 865 1524 id
882 1458 968 1524 adiici
986 1459 1031 1523 sit
1044 1455 1161 1526 inutile

150 1551 203 1615 vel
222 1550 261 1632 ei,
278 1549 331 1615 cui
348 1548 545 1632 promissum
562 1545 617 1630 sit,
638 1547 691 1612 rel
710 1548 749 1632 ei,
767 1547 823 1631 qui
841 1547 1037 1632 promiserit
1072 1547 1161 1612 Nam
1177 1561 1202 1604 ιε
1245 1561 1246 1596 f

150 1637 189 1721 si,
210 1641 249 1701 ut
270 1637 306 1700 in
326 1635 448 1700 fabulis
471 1639 530 1717 est,
551 1633 733 1720 Neptunus,
755 1635 843 1720 qnod
861 1634 986 1700 Theseo
1004 1635 1162 1720 promise

150 1729 217 1805 rat,
242 1744 309 1789 non
334 1723 478 1807 fecisset,
504 1722 648 1788 Theseus
675 1721 857 1810 Hippolyto
884 1723 953 1788 filio
979 1742 1047 1787 non
1073 1729 1162 1789 earet

151 1812 300 1896 orbatum
321 1831 362 1876 cr
378 1811 490 1876 tribus
504 1811 590 1876 enim
608 1812 741 1896 optatis,
762 1815 801 1875 ut
819 1811 980 1895 scribitur,
1002 1811 1065 1876 boc
1089 1816 1162 1877 erat

150 1899 298 1985 tertium,
331 1899 417 1984 quod
444 1899 486 1964 de
511 1897 686 1984 Hippolyti
716 1897 851 1964 inteiitu
881 1900 986 1965 iratus
1017 1899 1161 1984 optaritq

151 2009 215 2073 quo
242 1989 417 2072 impetrato
443 1987 479 2052 in
505 1987 664 2052 maximm
692 1987 798 2053 luctus
825 1987 948 2053 incidit.
991 1985 1062 2054 Nec
1086 2006 1159 2073 pro·
1173 2003 1201 2046 ro

151 2075 375 2161 missaigitur
397 2075 556 2140 servm&
578 2079 654 2139 sunt
677 2095 731 2158 ea,
758 2095 840 2158 quae
868 2075 936 2140 siut
956 2074 1012 2159 iis,
1039 2076 1160 2160 quibua

150 2163 348 2247 promiseris,
369 2161 512 2246 inutilia,
529 2183 597 2246 nac,
621 2163 649 2226 si
671 2163 746 2248 plus
764 2163 884 2227 tibica
899 2166 1039 2228 noceant
1060 2183 1161 2248 quam

150 2250 202 2315 illi
223 2250 360 2335 prosint,
380 2249 433 2315 cui
455 2250 653 2334 promiseris,
679 2253 792 2315 contra
815 2250 957 2316 offioium
980 2252 1031 2315 est
1053 2251 1160 2318 maius

151 2338 305 2424 anteponi
321 2337 453 2420 minori3
475 2341 522 2422 ut,
540 2337 568 2401 si
587 2337 793 2403 constitueris
811 2338 953 2424 cuipiam
972 2335 1006 2403 te
1024 2339 1160 2406 advoca

150 2430 220 2492 tum
242 2427 278 2490 in
299 2446 369 2490 rem
391 2428 595 2510 praesentem
618 2445 688 2490 esse
710 2427 882 2491 vaummm
905 2430 1005 2511 atquc
1022 2424 1159 2494 interim
1173 2443 1201 2487 εί

151 2513 296 2598 gratita
318 2515 489 2597 aegrotare
509 2512 597 2577 filius
619 2512 775 2598 eoeperit,
796 2533 863 2579 non
885 2515 930 2578 sit
952 2517 1067 2580 contra
1089 2516 1160 2581 offi-

150 2601 236 2668 cium
256 2621 324 2668 non
344 2599 459 2684 facere,
482 2600 568 2684 quod
588 2599 717 2684 dixeris,
740 2602 909 2688 magisque
927 2601 993 2686 ille,
1015 2604 1068 2668 cui
1085 2623 1160 2690 pro

150 2689 286 2758 missum
309 2688 362 2774 eit,
383 2688 426 2754 ab
449 2688 557 2754 officio
580 2689 736 2772 discent,
758 2689 788 2756 si
811 2709 846 2755 se
869 2689 1061 2756 destitutum
1083 2713 1160 2776 que·

149 2781 250 2842 ratur.
285 2775 356 2843 Iam
374 2776 442 2848 illis
459 2776 630 2861 promissis
648 2775 800 2843 standum
817 2797 883 2844 non
902 2799 973 2844 osse
996 2780 1069 2864 quis
1091 2801 1158 2846 non

149 2865 252 2947 videt,
284 2886 366 2949 quae
393 2868 524 2938 coactus
556 2864 629 2948 quis
657 2869 760 2949 metu,
791 2885 873 2950 quae
901 2866 1054 2952 deceptus
1081 2867 1158 2933 dolo
1171 2883 1199 2925 ω

148 2951 357 3037 promiserit?
379 2974 462 3037 quae
480 2952 608 3036 quidem
626 2954 781 3038 pleraque
803 2953 873 3020 iure
895 2955 1060 3040 praetorio
1079 2953 1158 3022 libe-

149 3043 277 3123 rantur,
298 3061 365 3105 non
384 3041 478 3105 nulla
500 3040 638 3126 legibus.

96 3141 130 3193 ³3
215 3127 370 3193 Existunt
393 3127 492 3194 etiam
515 3149 611 3212 saepe
628 3128 766 3194 iniuriae
784 3129 947 3196 calumnia
965 3129 1106 3214 quadam
1123 3135 1158 3198 ec

148 3215 245 3280 nimia
269 3215 398 3298 callida,
419 3215 476 3281 sed
498 3216 665 3284 malitiosa
686 3217 769 3282 iuris
788 3217 1065 3303 interpretatione
1106 3217 1159 3285 nx

149 3323 213 3386 quo
240 3302 324 3368 illud
351 3300 556 3370 ‘Summum
581 3303 641 3370 ius
673 3326 819 3372 summa
845 3305 1006 3371 iniuria'
1032 3306 1198 3373 factumst

149 3394 200 3455 eat
220 3389 288 3455 iam
310 3389 425 3456 tritum
448 3411 596 3457 sumone
618 3393 843 3478 proverbium..
888 3393 958 3469 Quo
981 3394 1157 3480 ingerere

148 3477 246 3544 etiam
269 3477 305 3543 in
321 3498 358 3542 ra
375 3477 506 3563 publiea
523 3480 628 3546 multa
648 3485 829 3567 peccentur,
851 3485 889 3547 ut
906 3481 972 3567 ille,
995 3481 1060 3567 qui,
1083 3503 1157 3549 cum
