2578 3950
396 168 620 226 ORATIONUM.
638 169 672 226 A.
690 169 742 224 VII
760 175 856 225 4-10.
1061 169 1127 235 243

118 329 236 396 aelium
258 335 416 396 acmsator
435 331 503 396 tecti
519 351 541 396 a
563 329 686 396 troduuo
702 331 802 414 naboe
823 331 934 397 codicis
949 331 1127 413 pellicatum·

117 418 198 587 soleii
217 417 272 483 tuac
293 417 396 484 Cicero
417 438 645 503 accomodatum
667 421 742 502 quio
764 420 828 501 msc
847 418 991 500 fateatur.
1016 455 1054 468 -
1081 418 1127 501 Of.

119 509 155 570 in
169 526 209 570 ra
230 509 283 572 28.
768 543 771 554 =

188 594 217 658 6.
241 592 334 659 dato.
357 600 512 660 comment.
531 616 562 677 p.
586 599 658 660 604.
680 601 701 660 9
723 595 768 660 H.
791 593 911 679 Restat,
937 600 973 660 ut
993 600 1128 678 praeter·

90 683 227 747 emmae
257 683 427 766 exordium,
464 685 545 766 quod
574 683 667 748 etiam
700 681 823 748 Tattius
852 683 889 748 iu
914 684 1019 765 ocimo
1051 684 1129 750 libro

120 769 370 853 Philemonem
385 772 472 851 fecit;
491 790 566 836 nam
584 772 693 836 omisso
706 771 864 854 paeanio
878 790 947 836 cnm
958 791 1129 855 praepara-

120 860 203 924 nom
222 859 415 924 narrationis
432 860 542 942 incipit
561 895 610 922 —.
646 859 714 923 Aut
731 864 807 925 certe
829 879 884 925 nec
904 861 1046 926 namatio
1067 881 1129 926 esse

120 945 211 1030 dedet,
232 947 284 1012 sed
304 951 361 1011 out
381 967 402 1010 a
425 948 485 1030 leae
502 951 559 1012 aut
574 946 614 1012 ab
631 946 735 1028 aliam
752 947 933 1029 firmissimo
950 953 1129 1031 aranmmto

121 1033 263 1099 inchoare
285 1034 367 1100 debet
387 1040 499 1117 orator,
521 1037 601 1100 suut
620 1036 656 1100 in
679 1033 881 1101 Corneliana:
910 1033 1004 1100 Unde
1026 1036 1130 1124 igitar

77 1142 107 1181 ιο
122 1121 253 1188 ordiar?
277 1143 319 1186 an
342 1123 383 1187 ab
406 1123 479 1207 ipsa
502 1123 597 1207 lege?

190 1211 218 1274 7.
244 1209 340 1275 Amos.
367 1210 461 1276 Mese.
482 1215 606 1292 1222&
632 1211 724 1275 Idnd.
753 1209 814 1276 aa.
836 1231 897 1293 pro
924 1210 1064 1278 Oornetio
1090 1212 1129 1276 I:

121 1298 190 1363 eius
214 1298 301 1362 modi
325 1298 405 1362 mihi
426 1298 505 1363 duos
525 1298 658 1381 laqueos
676 1297 712 1362 in
729 1319 827 1363 causa
846 1321 916 1364 esso
933 1300 1129 1386 propositae,

121 1391 172 1472 ut,
196 1386 224 1451 si
246 1407 298 1454 me
322 1387 425 1452 altero
449 1386 662 1471 expedissem,
685 1389 813 1451 tenerer
837 1387 950 1452 altero.

190 1476 218 1540 8.
242 1476 353 1540 Ascom.
371 1496 404 1556 p.
423 1477 472 1540 56.
489 1477 533 1540 25
555 1473 685 1559 Legem,
706 1474 824 1559 inquit,
846 1475 885 1538 de
902 1475 1129 1541 libertinorum

78 1580 107 1622 1⁵
123 1563 286 1648 suffragiis
315 1561 484 1627 Cornelius
513 1560 546 1628 C.
573 1561 696 1626 Manlio
725 1561 821 1626 dedit.
871 1560 954 1638 Quid
986 1567 1037 1628 est
1067 1563 1130 1629 hoc

6 1709 8 1720 .
122 1651 257 1716 ‘dedici
289 1649 312 1733 †
339 1651 392 1714 An
424 1650 524 1715 tulit?
558 1672 600 1715 an
626 1650 777 1735 rogavit?
810 1673 851 1714 an
878 1650 1029 1716 hortatus
1057 1653 1130 1716 est?

6 1735 9 1810 i
121 1741 212 1822 †An
230 1738 345 1803 tulisse
363 1738 535 1803 ridiculum
550 1742 600 1802 est
618 1738 712 1821 quasi
725 1737 832 1823 legem
851 1739 994 1822 aliquam
1013 1744 1070 1804 aut
1088 1740 1130 1805 ad

122 1827 326 1894 scribendum
346 1825 510 1890 difficilem
529 1829 585 1890 aut
604 1826 645 1890 ad
659 1826 907 1910 excogitandum
921 1827 1129 1911 reconditam,

122 1936 205 2000 qnae
224 1915 276 1980 lex
293 1915 405 2001 paucis
423 1913 475 1978 his
494 1914 587 1978 annis
606 1934 671 1978 non
689 1913 785 1977 modo
805 1914 936 1999 scripta,
957 1915 1011 1979 sed
1030 1914 1128 1979 etiam

78 2021 108 2061 20
122 2005 193 2070 lata
215 2007 310 2068 esset.
331 2020 334 2026 ·

233 2090 270 2157 P.
301 2090 474 2172 Sulpicium
505 2091 540 2155 in
571 2089 730 2154 tribunatu
761 2088 841 2154 tanc
876 2090 1001 2155 aandmu
1037 2090 1130 2174 lencm
1173 2131 1187 2142 -

167 2178 272 2245 tutione
292 2180 359 2244 iam
379 2179 628 2261 smnifieaaimus.
661 2177 750 2243 Intit
770 2177 871 2242 dictem
893 2178 930 2244 L.
953 2177 1053 2258 Scotto,
1075 2180 1130 2261 oui

161 2272 269 2350 postea
285 2266 379 2332 Folia
396 2266 567 2348 appellatus
583 2275 633 2349 est,
657 2266 691 2347 Q.
705 2263 850 2347 Pompeio
867 2266 1039 2332 namnetibus
1058 2272 1130 2332 onte

167 2353 304 2420 XXIII
321 2373 434 2436 annos,
460 2374 553 2436 qaam
580 2353 653 2418 hoec
678 2354 761 2419 dicta
786 2358 871 2438 sumt,
897 2374 966 2419 cum
986 2374 1045 2437 per
1066 2356 1130 2420 aim

80 2459 108 2500 ²⁵
166 2462 232 2508 rem
249 2463 282 2523 p.
299 2443 479 2525 possedisset
500 2447 529 2506 et
549 2440 589 2505 ab
610 2441 711 2506 initiis
738 2441 889 2506 bmmrean
910 2443 1066 2508 actionum
1088 2444 1131 2508 od

161 2531 302 2613 perditos
326 2549 505 2613 promemus
536 2533 622 2612 esset,
656 2529 738 2609 quod
767 2533 796 2593 et
826 2529 953 2594 initium
984 2531 1129 2596 bettonam

167 2618 304 2684 doiiinm
324 2617 396 2698 fnit,
417 2622 445 2682 et
461 2621 587 2699 propter
608 2617 689 2698 quad
709 2617 773 2696 iam
793 2613 949 2700 Sumicine
971 2619 1129 2684 conadam

167 2707 266 2770 armis
287 2707 354 2770 iure
376 2725 534 2788 oppressius
556 2723 618 2770 esse
639 2705 722 2768 emus
743 2707 796 2768 cot.

190 2794 220 2859 9.
243 2793 282 2857 In
306 2814 368 2877 quo
392 2815 467 2858 cum
489 2792 592 2856 multa
614 2790 809 2875 reprehenoa
827 2791 902 2875 sint,
924 2795 994 2858 tum
1012 2793 1046 2856 in
1065 2794 1127 2878 pri-

81 2899 108 2940 m
123 2881 186 2948 mis
209 2881 358 2947 celeritas
382 2881 527 2946 actionis.

233 2968 422 3038 maenaa
443 2968 573 3036 actionis
589 2969 751 3052 mendicat,
772 2969 847 3051 qaia
864 2968 1029 3052 Manilius,
1050 2969 1130 3036 sicut

166 3060 232 3124 iam
254 3059 452 3140 ostendimus,
473 3061 545 3140 post
559 3055 711 3139 manetes
731 3056 838 3121 statim
860 3057 937 3138 dus,
965 3077 1059 3139 auom
1080 3059 1128 3123 in

166 3149 246 3212 ierat
267 3147 471 3228 tmdmeatum,
494 3145 585 3227 teano
606 3145 731 3209 eandm
754 3142 974 3227 Compitalibus
990 3145 1127 3226 permitit.

191 3235 241 3301 10.
263 3232 385 3300 Petivit
412 3237 521 3298 tamen
550 3254 569 3296 a
597 3254 647 3296 me
675 3235 806 3316 praetor
833 3231 974 3298 maxima
999 3238 1128 3300 eonten-

79 3338 107 3380 ³⁵
122 3322 220 3406 tione,
242 3327 280 3388 ut
303 3343 434 3389 causam
457 3319 570 3384 Manili
593 3319 804 3384 defenderem.

233 3409 266 3477 0.
289 3411 412 3477 Attium
435 3408 554 3476 Oetenm
580 3409 747 3493 siqnidem,
776 3409 855 3476 siud
879 3410 945 3475 iam
972 3415 1043 3477 onte
1064 3412 1127 3477 dic-

166 3501 232 3566 tum
253 3504 304 3566 est.

915 3601 968 3657 no*
