2578 3950
146 158 211 224 216
570 155 730 210 TIMAEUS

145 342 180 384 re
203 319 316 385 stabili
335 322 368 384 et
385 318 572 384 inmutabili
587 317 733 402 disputat
746 317 861 400 oratio,
879 318 958 383 talis
972 317 1026 401 sit,
1048 318 1158 401 qualis

144 408 212 491 illu,
236 428 318 491 quae
340 428 444 490 neque
466 405 620 491 redargui
636 427 742 488 neque
760 406 906 471 convinci
924 409 1043 490 potest.
1072 403 1158 471 (lum

146 500 256 561 autem
278 495 426 580 ingressa
449 498 500 558 est
521 493 652 558 imitata
675 497 708 557 et
731 493 840 558 efficta
863 494 1050 575 simulacra,
1073 493 1157 559 bene

80 585 83 590 '
147 585 202 670 agi
215 587 325 668 putat,
348 583 377 646 si
390 581 636 647 similitudinem
650 581 720 646 veri
737 585 962 664 consequatur.
990 580 1157 656 Quantum

147 673 233 738 enim
256 671 297 736 ad
319 671 362 754 id,
384 670 471 754 quod
493 674 602 735 ortum
624 673 684 753 est,
707 667 884 734 aeternitas
905 670 1003 751 valet,
1025 674 1156 734 tantum
1186 689 1203 729 ⁵

147 761 188 826 ad
220 759 317 824 fidem
348 759 479 824 veritas.
524 754 682 832 Quocirca
709 757 737 821 si
764 756 850 822 forte
877 756 917 821 ds
945 756 1078 822 deorum
1100 779 1157 822 no·

146 853 221 914 tura
244 851 382 931 ortuque
404 845 517 912 mundi
540 845 734 910 disserentes
761 845 942 929 minusid,
971 844 1057 929 quod
1084 867 1157 911 sre-

83 1014 85 1018 ¹
147 957 219 1001 mus
238 936 357 1017 animo,
379 954 620 1018 consequemur,
637 937 675 998 ut
692 937 765 998 toto
783 932 921 998 dilucide
940 937 974 998 et
990 933 1088 1017 plane
1105 955 1158 998 ex·

147 1026 264 1089 ornata
277 1023 382 1094 oratio
401 1022 465 1086 sibi
483 1025 610 1086 constet
629 1025 720 1085 etex
738 1021 826 1085 omni
844 1025 939 1106 parto
956 1042 1065 1086 secum
1083 1022 1159 1106 ipsa

146 1111 338 1194 consentiat,
352 1111 433 1175 haut
446 1131 524 1175 sane
537 1109 600 1174 erit
613 1110 742 1193 mirum,
755 1109 964 1192 contentique
977 1130 1049 1174 osse
1064 1109 1158 1174 debe·
1173 1129 1202 1168 ro

145 1199 234 1283 bitis,
258 1200 286 1263 si
307 1198 492 1283 probabilis
510 1197 665 1263 dicentur.
697 1197 847 1280 Aequum
866 1203 917 1261 est
937 1197 1022 1261 enim
1045 1198 1157 1262 memi-

146 1289 233 1352 nisse
247 1293 283 1352 et
295 1308 355 1366 me,
369 1287 426 1370 qui
438 1286 605 1368 disseram,
618 1285 784 1350 hominem
798 1305 868 1349 esse
877 1289 916 1374 et
929 1306 998 1369 vos,
1010 1285 1068 1369 qui
1077 1285 1158 1351 iudi·

147 1377 235 1457 cetis,
253 1379 299 1458 ut,
315 1375 343 1438 si
357 1374 542 1459 probabilia
556 1374 710 1456 dicentur,
723 1394 765 1437 ne
780 1373 857 1456 quid
870 1374 959 1438 ultra
971 1373 1157 1456 requiratis.
1285 1406 1286 1454 3

111 1480 128 1529 9
214 1462 413 1538 Quaeramus
435 1462 539 1548 igitur
556 1483 696 1545 causam,
718 1481 800 1544 quae
818 1460 975 1546 inpulerit
993 1481 1076 1545 eum,
1100 1462 1157 1544 qui

146 1551 225 1617 haec
244 1550 449 1618 machinatus
467 1550 521 1631 sit,
539 1553 577 1613 ut
594 1549 755 1634 originem
773 1569 882 1614 rerum
900 1554 934 1613 et
951 1549 1157 1614 molitionem
1173 1568 1200 1607 1⁵

145 1661 265 1705 novam
290 1641 468 1721 quaereret.
499 1635 670 1701 Probitate
688 1637 839 1702 videlicet
856 1635 1060 1721 praestabat,
1083 1659 1157 1720 pro·

145 1728 207 1791 bus
231 1730 341 1790 autem
364 1725 488 1790 invidet
514 1724 649 1808 nemini;
680 1725 792 1808 itaque
819 1725 930 1789 omnis
957 1725 1007 1790 sui
1035 1725 1158 1790 similia

146 1813 321 1900 generavit.
353 1811 443 1878 Haec
461 1812 613 1877 nimirum
633 1812 786 1899 gignendi
806 1812 917 1877 mundi
935 1813 1156 1878 causaiustis·
1285 1813 1286 1828 ¹

147 1903 238 1968 sima.
286 1899 376 1966 Nam
405 1922 477 1965 cum
510 1901 734 1966 constituisset
765 1900 843 1964 deus
875 1901 970 1966 bonis
1003 1901 1155 1966 omnibus

147 1990 275 2074 explere
298 1988 463 2071 mundum,
486 1989 564 2052 moli
586 1987 669 2052 nihil
692 1988 882 2071 admiscere,
908 1989 1015 2072 quoad
1037 1993 1155 2054 nature
1170 2007 1197 2046 2⁰

147 2081 322 2163 peteretur,
345 2076 495 2160 quicquid
519 2080 598 2159 erat,
621 2076 708 2159 quod
729 2076 763 2140 in
786 2076 937 2140 cernendi
956 2097 1086 2142 sensum
1105 2099 1156 2142 ca·

147 2165 250 2246 deret,
271 2163 306 2227 id
329 2164 393 2227 sibi
415 2162 596 2246 adsumpsit
618 2185 685 2228 non
706 2164 922 2247 tranquillum
943 2168 977 2228 et
1000 2165 1155 2248 quietum,

147 2250 202 2317 sed
224 2251 425 2316 inmoderate
449 2251 610 2336 agitatum
633 2255 667 2315 et
688 2251 830 2334 fluitans,
855 2252 951 2337 idque
974 2273 1014 2316 ex
1036 2252 1155 2317 inordi-

146 2342 224 2404 nato
256 2339 291 2402 in
321 2338 469 2403 ordinem
497 2337 644 2421 adduxit3
679 2339 742 2404 hoc
773 2339 859 2404 enim
890 2340 1056 2406 iudicabat
1083 2361 1153 2407 csse

95 2443 128 2492 10
146 2425 376 2512 praestantius.
420 2424 484 2490 Fas
512 2430 620 2491 autem
646 2447 706 2492 nec
737 2430 873 2492 estnec
903 2449 1059 2512 umquam
1090 2427 1154 2494 fuit
1169 2445 1195 2486 so

146 2515 318 2598 quicquum
340 2513 404 2579 nisi
425 2513 676 2598 pulcherrimum
703 2513 809 2580 faeere
837 2516 880 2599 ei,
913 2517 968 2600 qui
990 2519 1077 2581 esset
1099 2537 1155 2602 op·

145 2606 265 2668 tumus.
290 2600 372 2667 (lum
385 2601 546 2668 rationem
559 2602 661 2688 igitur
678 2602 857 2687 habuisset,
876 2604 1059 2689 reperiebat
1070 2603 1154 2668 nihil

146 2711 217 2756 esse
240 2710 360 2773 eorum,
383 2695 466 2775 quae
487 2693 606 2755 natura
623 2694 840 2774 cernerentur,
860 2691 1090 2778 inintellegens
1107 2692 1154 2756 in·

145 2779 321 2865 tellegente
343 2779 378 2842 in
398 2782 470 2844 toto
490 2798 606 2864 genere
623 2779 853 2862 praestantius.
886 2778 1043 2855 Quocirca
1060 2781 1154 2844 intel·

145 2867 322 2952 legentium
343 2867 379 2930 in
401 2867 523 2948 animo,
547 2866 691 2930 animum
708 2866 842 2932 inclusit
860 2867 895 2931 in
917 2889 1060 2953 corpore.
1101 2865 1154 2934 Sic
1167 2885 1195 2926 ³⁰

144 2957 235 3018 ratus
254 2957 305 3018 est
318 2975 400 3038 opus
413 2953 496 3019 illud
510 2953 659 3019 effectum
672 2975 743 3019 esse
756 2954 1019 3039 pulcherrimum.
1049 2953 1154 3031 Quam

145 3042 186 3106 ob
211 3063 341 3107 causam
363 3063 429 3106 non
452 3046 503 3106 est
525 3042 740 3108 cunctandum
763 3042 918 3128 profiteri,
942 3043 1084 3108 simodo
1107 3044 1153 3108 in·

143 3129 300 3215 vestigari
310 3129 433 3213 aliquid
442 3129 627 3196 coniectura
636 3134 755 3215 potest,
768 3131 854 3198 hunc
865 3131 1020 3197 mundum
1031 3132 1153 3222 animal

144 3236 223 3296 esse,
237 3217 333 3301 idque
341 3217 536 3304 intellegens
546 3222 580 3282 et
592 3218 701 3283 divina
713 3218 919 3304 providentis
932 3220 1154 3286 constitutum.

99 3342 123 3389 11
210 3302 282 3368 Hoc
300 3305 417 3387 posito,
436 3305 521 3388 quod
541 3307 695 3389 sequitur,
716 3306 890 3372 videndum
908 3312 968 3390 est,
986 3308 1153 3372 cuiusnam
1166 3323 1195 3364 ³⁵

144 3390 359 3455 animantium
372 3391 450 3456 deus
463 3393 658 3478 intingendo
674 3394 793 3459 mundo
808 3395 1052 3460 similitudinem
1066 3417 1153 3460 secu·

143 3482 197 3545 tus
211 3477 264 3542 sit.
287 3475 418 3543 Nullius
431 3478 577 3564 profecto
591 3481 624 3546 id
635 3481 773 3565 quidem,
788 3502 870 3565 quae
885 3483 1064 3548 suntnobis
1073 3486 1153 3550 nota
