2570 3944
333 170 475 227 FAGETE
493 169 690 230 chTORUM.
710 170 742 227 G.
761 169 863 224 a1-b
879 177 903 226 τ.
1064 170 1130 234 343

536 329 564 386 b.
591 327 708 384 DICTA.

191 422 218 485 1.
241 420 379 490 Maeror.
400 419 467 486 Cat.
489 419 535 483 ΙΙ
553 424 582 484 3.
605 422 649 484 22
671 417 804 500 (Cicero)
827 418 867 483 ab
889 419 1039 484 Androne
1059 440 1130 501 quo

120 510 195 576 dem
206 508 379 575 Laodieereo
392 507 547 574 elmon
564 527 633 572 eum
650 525 775 572 euersam
793 507 941 572 odoenus
958 509 1131 589 requisisset

120 597 367 677 comperissetque
388 595 478 677 (nom
505 595 557 660 itte
579 614 610 659 se
637 594 769 676 teqatun
790 595 827 658 de
853 595 990 660 tiberteete
1005 597 1131 676 patriae

92 685 166 753 sad
191 683 353 748 Caesarem
378 684 493 750 venisse
519 682 701 763 respondit),
732 683 778 746 ita
797 685 952 764 expressit
971 684 1130 765 paenam

121 773 311 845 emadan·
331 763 411 842 'Eira
435 764 599 854 ἐπιτύχῃς,
621 766 677 834 καὶ
699 765 774 851 περὶ
796 762 892 853 ἡμῶν
914 771 1130 856 πρέσβευσον.

121 858 161 925 Si
184 859 362 936 obtinueris,
384 864 413 923 et
429 879 489 940 pro
511 859 599 923 nobis
620 859 774 923 intercede.
1163 857 1167 864 ’

189 947 220 1010 2.
251 946 388 1011 Muerob.
416 946 543 1011 Saturn.
570 944 616 1011 ΙΙ
637 951 668 1012 3.
696 952 717 1012 9
747 945 792 1010 In
823 944 984 1012 Caesarem
1014 968 1131 1030 quoque

122 1035 309 1121 mordeeitas
326 1033 481 1100 Oueroueis
502 1035 603 1104 aues
624 1053 695 1100 suos
716 1035 851 1102 strinxit.
887 1035 973 1100 Nom
990 1037 1131 1118 pumera

78 1141 109 1182 ιο
117 1128 192 1206 post
206 1122 365 1187 uowriarn
383 1121 523 1194 Caesaris
541 1124 752 1204 nunquia,
774 1142 829 1186 our
846 1123 882 1186 in
899 1123 1038 1188 eteotione
1054 1145 1131 1206 par·

123 1212 165 1276 tis
185 1215 326 1288 errasset,
346 1211 517 1294 respoudit:
539 1209 767 1286 Praecinoiurp
789 1231 841 1280 me
860 1209 994 1296 decepit,
1016 1214 1132 1278 nautas

122 1300 160 1364 in
187 1297 361 1376 Caesarem,
387 1300 442 1381 qui
467 1301 514 1364 ita
539 1303 610 1380 toqa
633 1297 898 1381 quonaone,
925 1305 961 1365 ut
986 1300 1132 1366 trahendo

123 1385 273 1452 toriniano
294 1387 376 1455 wint
396 1387 498 1458 noan
519 1387 672 1452 incederet.

191 1474 221 1539 3.
239 1474 378 1542 Mona.
400 1474 466 1540 Sat.
483 1474 572 1540 113.
589 1479 630 1543 10
648 1473 727 1540 Cum
743 1473 895 1542 Laberius
912 1475 947 1542 in
964 1476 1025 1556 fine
1047 1476 1131 1541 tudo·

81 1579 110 1622 1⁶
124 1582 197 1628 nrm
218 1563 313 1628 anuto
334 1583 428 1628 aureo
445 1563 612 1628 honoratus
633 1583 655 1635 a
673 1560 803 1628 Caesare
820 1583 836 1626 e
852 1563 975 1644 oesttqio
994 1564 1029 1628 in
1040 1569 1131 1645 quot·

125 1651 292 1716 taddeum
310 1651 357 1714 ad
376 1651 572 1732 speetonm
594 1651 722 1716 transiit
742 1650 854 1716 oiotato
875 1652 990 1730 ordine
1013 1656 1044 1716 et
1064 1672 1133 1719 euno

123 1739 305 1804 detrectemus
326 1743 371 1803 est
389 1759 476 1820 eques
497 1737 660 1806 fflmanus
680 1743 709 1802 et
725 1739 895 1810 ammireris
912 1741 1065 1822 remissus,
1087 1741 1133 1806 ait

124 1824 228 1892 Cr'eero
244 1827 452 1907 praetereunti
472 1826 603 1892 Laterio
625 1831 653 1890 et
674 1826 765 1890 sedite
786 1828 959 1906 quaerenti:
983 1825 1133 1912 Recepis-

125 1935 195 1978 sem
217 1917 260 1997 to,
285 1912 348 1978 nisi
371 1916 510 1999 anguste
534 1913 691 1996 sederem,
712 1913 807 1988 siud
828 1918 858 1988 et
878 1915 968 1978 illurn
990 1935 1133 1996 respuens

83 2006 155 2070 net
183 2002 219 2066 in
249 2021 361 2066 naun
390 2007 531 2068 senatum
557 2003 685 2083 auus,
717 2002 804 2068 arius
829 2022 992 2069 nrnwrum
1019 2001 1133 2068 Caesar

123 2109 221 2170 aspro
240 2089 293 2169 fas
315 2099 452 2154 annuat
497 2089 562 2154 Neo
587 2091 727 2171 impune;
754 2090 910 2170 respoudit
934 2090 1016 2154 enirn
1038 2090 1133 2156 Labe

124 2177 209 2241 rius:
237 2175 388 2260 ‘nanu
414 2178 443 2242 si
464 2182 591 2260 onquste
612 2178 705 2253 sedes,
732 2178 786 2258 qui
812 2177 888 2242 setes
908 2177 1029 2243 duan
1050 2179 1133 2244 settis

123 2263 245 2332 sedere'
270 2300 308 2312 -
333 2263 404 2330 Seu.
427 2271 520 2330 aaa.
541 2271 592 2332 18.
615 2272 645 2342 9,
667 2266 769 2332 Maur.
798 2265 870 2330 VII
885 2270 916 2331 3.
939 2271 969 2332 8.

192 2352 223 2416 4
246 2353 348 2418 Maur.
370 2352 437 2417 Sat.
453 2352 499 2417 II
513 2352 706 2418 3.111dern
724 2352 827 2418 Onoo
849 2353 931 2418 otios
950 2353 1133 2433 facilitatem

82 2455 112 2498 π
124 2439 269 2510 Caesaris
290 2441 327 2505 iu
348 2441 516 2522 αᾱίῳαηᾱο
541 2445 652 2506 senatu
673 2441 776 2505 irrisit
791 2441 910 2521 patera.
955 2441 1042 2506 Nam
1064 2463 1133 2508 ourn

124 2528 165 2592 ab
187 2527 302 2610 hospite
322 2548 377 2593 suo
395 2527 432 2593 P.
445 2528 560 2594 Mattio
577 2532 745 2609 reparetur,
767 2533 803 2592 ut
821 2529 1052 2594 decurionatum
1065 2532 1132 2612 pri·

120 2617 216 2697 -oiquo
238 2616 307 2697 ders·
325 2617 483 2697 expediret,
505 2615 668 2682 aennon
687 2615 861 2696 frequentia
881 2615 978 2682 disits
1000 2616 1133 2700 Romae,

121 2703 156 2766 ei
178 2702 242 2786 vis,
263 2702 413 2785 hebebit,
434 2702 598 2787 Pompeiis
623 2701 753 2766 difficile
776 2705 835 2768 est.

191 2791 223 2856 5.
245 2791 346 2859 Maur.
369 2789 434 2856 Sat.
456 2790 503 2856 ΙΙ
520 2796 550 2856 3.
572 2795 594 2856 4
621 2789 685 2854 Neo
709 2790 744 2871 Q.
766 2790 905 2856 Cioeroui
929 2790 1027 2871 fratri
1053 2792 1134 2858 eirca

84 2896 113 2938 so
125 2879 259 2944 simitern
275 2880 504 2943 mordaeitutern
516 2880 656 2960 pepercit.
689 2877 775 2943 Nam
788 2899 857 2943 oum
870 2879 905 2942 in
918 2899 954 2942 eu
963 2880 1134 2960 prosimu,

119 2985 220 3047 quern
241 2966 294 3032 ao
314 2971 448 3047 reserat,
473 2967 596 3034 niuosa
622 2966 784 3047 otipeatarn
810 2967 976 3049 inuium
998 2968 1063 3032 eius
1085 2967 1133 3031 in-

118 3054 263 3136 pertitus
292 3054 484 3122 tituarnentrs
514 3074 609 3136 usque
640 3055 683 3120 ad
706 3059 812 3136 peetus
842 3074 880 3120 ea
909 3074 992 3122 mne
1016 3055 1134 3136 piatam
1264 3107 1265 3136 ,

124 3139 208 3222 (erat
232 3145 334 3214 anum
358 3141 492 3221 Quintus
512 3141 579 3223 ipse
604 3145 741 3208 statinae
761 3141 904 3224 paruae),
929 3142 992 3212 aa:
1019 3139 1134 3208 Frater
1263 3191 1264 3210 1

118 3249 217 3294 meus
243 3229 394 3298 dimidius
417 3228 522 3296 maior
545 3233 596 3294 est
619 3251 716 3313 quum
739 3231 839 3297 tosus.

83 3341 111 3384 so
193 3318 223 3400 6,
247 3318 275 3381 7.
305 3317 432 3397 Quintil.
461 3315 513 3382 VI
530 3322 559 3382 3.
581 3321 627 3384 48
638 3337 682 3399 sq.
711 3316 813 3397 Quare
839 3315 920 3401 [non
946 3317 1002 3382 troo
1026 3315 1134 3401 uodo]

119 3424 220 3486 paene
241 3410 271 3469 et
294 3405 398 3486 epona
423 3405 552 3470 eunde
574 3403 729 3473 Cicereius
752 3406 852 3470 estin
876 3440 913 3452 -
939 3404 1117 3471 Isauricum

115 3489 240 3576 ‚Minoe
260 3491 341 3576 quid
363 3492 419 3576 sit,
444 3491 534 3576 quod
555 3496 650 3578 petor
672 3496 762 3572 tuus,
785 3491 884 3570 homo
905 3491 1113 3574 ,constantissi
