2504 3950
149 158 193 222 44
433 191 440 198 ..
542 152 592 208 os
611 151 761 208 orrlcus

150 338 350 404 quarumque
372 317 516 402 partium
539 315 684 400 corporis
708 335 786 380 usus
804 318 880 380 sunt
897 313 1084 399 necessarii,
1108 335 1162 380 eas
1239 319 1240 370 l

149 429 252 491 neque
275 411 385 492 partes
407 427 511 489 neque
535 424 646 468 earum
665 423 741 469 usus
760 403 829 468 suis
847 401 1033 468 nominibus
1052 403 1163 488 appel·
1239 413 1240 480 Τ

150 495 235 578 lant3
260 494 408 578 quodque
431 493 536 559 facere
560 496 655 576 turpe
677 493 827 574 nonest,
849 490 945 556 modo
969 491 1109 574 occulte,
1130 491 1164 555 id

151 583 256 648 dicere
279 583 454 648 obscenum
477 585 534 646 est.
571 579 687 664 Itaque
708 599 767 644 neo
788 577 874 644 actio
897 599 1005 645 rerum
1028 579 1163 644 illarum

98 686 149 738 128
164 675 279 756 aperta
297 670 479 755 petulantia
497 671 593 734 vacat
609 689 669 733 nec
687 667 844 733 orationis
864 667 1057 734 obscenitas.
1095 666 1164 732 Neo
1189 684 1202 725 ⁵
1239 689 1240 760 ᾖ

150 780 227 825 vero
255 757 405 824 audiendi
431 761 507 822 sunt
531 755 655 840 Cynici,
683 760 740 820 aut
767 756 795 820 si
824 755 880 840 qui
905 755 1038 820 fuerunt
1060 753 1164 820 Stoici
1239 769 1240 844 j

150 869 252 933 paene
276 845 403 930 Cynici,
427 845 483 930 qui
504 843 746 929 reprehendunt
767 848 801 908 et
823 843 979 926 inrident,
1005 843 1094 928 quod
1118 865 1164 928 ea,
1239 863 1240 878 ¹

152 956 235 1019 quae
256 934 367 1018 turpia
388 954 454 998 non
478 933 557 1015 sint,
584 932 692 997 verbis
720 931 886 1017 flagitiosa
908 931 1077 1018 ducamus,
1105 931 1165 997 illa
1239 955 1240 976 ³

151 1027 274 1104 autem,
302 1043 383 1106 quae
405 1021 515 1105 turpia
540 1020 619 1103 sint,
645 1019 832 1086 nominibus
860 1020 1062 1105 appellemus
1088 1019 1164 1085 suis.

151 1109 369 1192 Latrocinari,
399 1108 563 1190 fraudare,
600 1107 783 1174 adulterare
814 1130 849 1172 re
880 1112 978 1194 turpe
1008 1113 1074 1192 est,
1107 1109 1163 1173 sed
1179 1125 1203 1165 ιο
1239 1161 1240 1192 ,

153 1199 269 1264 dicitur
286 1219 352 1262 non
370 1197 522 1281 obscene;
546 1196 658 1262 liberis
681 1197 758 1260 dare
782 1217 914 1281 operam
931 1217 967 1261 re
988 1197 1165 1262 honestum
1239 1197 1240 1272 i

152 1291 212 1369 est,
228 1285 360 1351 nomine
378 1285 567 1369 obscenum,
587 1286 744 1370 pluraque
762 1285 797 1349 in
816 1306 887 1350 eam
906 1285 1104 1350 sententiam
1122 1287 1163 1351 ab
1239 1283 1240 1354 l

152 1375 273 1440 eisdem
301 1379 416 1440 contra
441 1373 666 1440 verecundiam
693 1373 909 1457 disputantur.
954 1371 1024 1438 Nos
1053 1378 1164 1440 autern

151 1467 304 1530 naturam
335 1483 509 1547 sequamur
541 1466 575 1526 et
606 1462 647 1526 ab
680 1461 782 1544 omni,
816 1461 901 1544 quod
933 1461 1091 1526 abhorret
1123 1463 1163 1527 ab
1239 1465 1240 1556 l

153 1552 319 1618 oculorum
347 1549 550 1636 auriumque¹
565 1549 814 1634 approbatione,
845 1549 1023 1634 fugiamus3
1056 1554 1163 1614 status
1179 1565 1204 1608 1⁵
1239 1563 1240 1630 J

152 1640 306 1720 incessus,
329 1637 431 1702 sessio
454 1636 623 1719 accubitio,
647 1637 759 1701 vultus
777 1637 862 1702 oculi
881 1659 1036 1702 manuum
1054 1642 1165 1704 motus
1239 1683 1240 1728 ,

101 1742 150 1792 129
165 1729 276 1791 teneat
298 1724 381 1790 illud
405 1724 563 1790 decorum.
609 1723 731 1800 Quibus
758 1725 794 1789 in
816 1725 913 1790 rebus
936 1726 1000 1791 duo
1022 1727 1166 1792 maxime
1239 1741 1240 1814 l

153 1817 229 1879 sunt
250 1812 420 1900 fugienda,
446 1833 488 1878 ne
515 1812 592 1897 quid
619 1811 839 1884 effeminatum
865 1817 923 1878 aut
944 1812 1045 1878 molle
1067 1819 1104 1879 et
1125 1837 1166 1880 ne
1239 1827 1240 1868 i

153 1903 230 1987 quid
258 1903 372 1967 durum
400 1903 458 1967 aut
479 1902 636 1967 rusticum
659 1901 711 1966 sit.
756 1899 825 1966 Neo
847 1921 924 1967 vero
947 1901 1165 1968 histrionibus
1239 1899 1240 1982 i

153 1991 402 2074 oratoribusque
425 1989 661 2055 concedendum
680 1993 743 2072 est,
765 1993 803 2054 ut
825 1989 865 2053 iis
884 1989 965 2056 baec
987 1995 1066 2075 apta
1090 1992 1166 2075 sint,
1180 2009 1206 2048 2⁰
1239 1983 1240 2062 Ϊ

152 2079 247 2143 nobis
280 2078 448 2143 dissoluta.
502 2075 727 2142 Scaenicorum
764 2076 894 2160 quidem
926 2099 997 2144 mos
1032 2083 1166 2145 tantam
1239 2079 1240 2148 ἶ

152 2166 253 2230 habet
280 2167 389 2230 vetere
416 2164 588 2249 disciplina
614 2165 852 2249 verecundiam,
882 2170 920 2231 ut
951 2167 985 2231 in
1012 2186 1167 2233 scaenam

154 2253 223 2318 sine
247 2253 451 2338 subligaculo
474 2252 610 2336 prodeat
631 2273 740 2336 nemo;
763 2257 917 2320 verentur
940 2254 1039 2340 enirn,
1062 2277 1115 2340 ne,
1138 2257 1167 2322 si
1239 2271 1240 2332 t

154 2363 219 2426 quo
246 2361 323 2407 casu
349 2340 506 2422 evenerit,
533 2344 571 2406 ut
597 2341 742 2425 corporis
770 2345 881 2425 partes
909 2343 1068 2426 quaedam
1092 2365 1167 2430 ape
1239 2337 1240 2410 l

153 2430 289 2512 riantur,
313 2428 512 2512 aspiciantur
533 2449 599 2492 non
622 2428 743 2494 decore.
779 2427 902 2495 Nostro
921 2431 1051 2516 quidem
1074 2453 1167 2498 more
1180 2449 1205 2490 ¹⁵
1239 2425 1240 2500 J

154 2537 228 2582 cum
249 2516 440 2602 parentibus
463 2515 600 2600 puberes
622 2515 696 2600 filii,
724 2538 797 2582 cum
820 2518 941 2584 soceris
965 2519 1077 2606 generi
1100 2541 1167 2586 non
1239 2519 1240 2594 Ῐ

154 2605 314 2670 lavantur.
358 2603 541 2670 Retinenda
571 2604 674 2690 igitur
705 2609 756 2670 est
786 2605 882 2670 huius
897 2646 902 2651 ,
915 2607 1043 2694 generis
1078 2629 1168 2674 vere·

102 2748 121 2812 3
155 2692 284 2777 cundia,
306 2693 499 2780 pracsertim
522 2696 641 2758 natura
662 2693 734 2778 ipsa
757 2694 916 2778 magistra
938 2699 972 2759 et
995 2694 1082 2761 duee.
1239 2755 1240 2758 ,

103 2748 153 2876 1ξο
222 2780 304 2848 Oum
324 2785 432 2847 autem
451 2780 700 2865 pulchritudinis
717 2781 780 2846 duo
799 2801 919 2866 genera
933 2783 1008 2867 sint,
1027 2803 1167 2868 quorum
1239 2783 1240 2858 J

154 2871 189 2935 in
212 2871 316 2934 altero
339 2873 493 2936 venustas
517 2870 573 2952 sit,
595 2869 630 2934 in
652 2870 755 2935 altero
780 2869 936 2956 dignitas,
959 2877 1167 2940 venustatem
1180 2887 1205 2929 ω

155 2956 347 3022 muliebrem
361 2956 475 3023 ducere
485 2957 648 3041 debemus,
662 2957 855 3043 dignitatem
867 2959 1004 3024 virilem
1026 2957 1119 3048 Ergo
1134 2967 1167 3028 et
1239 3013 1240 3034 2

156 3067 175 3110 a
192 3044 300 3111 forma
317 3048 523 3110 removeatur
542 3045 647 3111 omnis
664 3046 736 3111 viro
753 3067 819 3111 non
838 3045 955 3134 dignus
970 3052 1115 3133 ornatus,
1134 3054 1167 3114 et

155 3132 230 3198 huic
244 3132 350 3197 simile
368 3132 485 3198 vitium
502 3134 537 3198 in
556 3136 652 3219 gestu
669 3137 824 3218 motuque
838 3140 999 3200 caveatur.
1030 3133 1119 3202 Nam
1133 3143 1168 3203 et

155 3219 343 3302 palaestrici
365 3225 474 3286 motus
498 3226 574 3286 sunt
593 3243 688 3306 saepe
708 3221 894 3306 odiosiorss,
917 3229 951 3289 et
967 3224 1166 3292 histrionum

155 3327 221 3372 uon
248 3308 332 3372 nulli
360 3312 472 3394 gestus
499 3309 632 3394 ineptiis
658 3331 725 3374 non
750 3315 883 3394 vacant,
909 3316 942 3378 et
969 3312 1005 3376 in
1026 3316 1166 3400 utroque
1179 3331 1204 3371 ³⁵

157 3415 274 3480 genere
298 3416 380 3479 qnae
403 3399 482 3461 sunt
502 3402 591 3462 recta
613 3401 647 3461 et
670 3397 843 3483 simplicia,
869 3399 1053 3467 laudantur.
1089 3401 1167 3467 For-

156 3503 230 3548 mae
251 3486 361 3547 autcm
384 3482 527 3568 dignitas
550 3485 669 3550 coloris
688 3486 834 3553 bonitate
855 3487 976 3553 tuenda
993 3493 1054 3574 est,
1076 3491 1168 3556 color
