2504 3950
146 186 208 253 106
545 181 595 236 os
614 179 766 238 ormons

142 346 282 434 Diogeni
305 345 519 428 venditorem,
547 347 706 428 quatenus
734 344 804 408 iure
826 342 915 408 cirili
937 342 1158 408 constitutum

144 438 197 518 sit,
219 437 323 500 dicere
345 434 426 500 vitiu
449 436 609 519 oportere,
631 435 740 497 cetera
762 432 832 496 sine
854 430 981 496 insidiis
999 451 1099 516 agere
1113 436 1158 515 et,

144 524 297 609 quoniam
319 521 453 606 vendat,
479 521 564 587 velle
592 542 689 605 quam
717 524 851 605 optume
873 519 1020 584 vendere.
1067 517 1159 584 ‘Ad-
1250 577 1251 580 ,

143 612 242 695 rexi,
273 610 448 696 exposui,
479 609 600 675 vendo
633 630 756 673 meum
785 629 862 673 non
887 607 1014 692 pluris
1044 629 1159 690 quum

144 699 278 784 ceteri,
304 698 476 776 fortasse
503 698 620 762 etiam
643 696 818 772 minoris,
845 717 927 761 cum
951 694 1074 760 maior
1098 700 1159 760 est
1185 715 1197 754 s

93 788 265 874 sesopia.
309 783 378 852 Oui
399 786 450 851 fit
472 784 654 850 iniuria?
699 783 855 848 Exoritur
878 783 1048 868 Antipatri
1070 785 1159 848 ratio

145 898 183 942 ex
216 876 321 942 altera
352 878 459 959 parte:
491 871 604 948 ‘Quid
636 872 715 938 ais?
747 877 789 938 tu
820 893 902 936 cum
932 871 1159 937 hominibus

145 963 348 1030 consulere
371 962 510 1027 debeas
535 965 572 1026 et
594 960 742 1026 servire
761 960 949 1025 humunue
968 960 1160 1025 societati

145 1071 262 1134 eaque
295 1051 383 1136 lege
411 1053 526 1114 natus
558 1048 612 1114 sis
644 1053 683 1113 et
711 1069 754 1113 eu
785 1047 928 1113 habear
959 1048 1160 1133 principia

144 1142 320 1220 naturae,
347 1138 486 1223 quibus
513 1157 649 1222 parere
676 1140 714 1200 et
741 1157 837 1220 quae
863 1135 973 1220 sequi
1001 1135 1161 1220 debeas,
1175 1157 1199 1196 ιο

145 1231 187 1293 ut
210 1226 367 1292 utilitas
390 1230 456 1291 tua
478 1224 690 1291 communis
713 1224 766 1289 sit
789 1223 945 1289 utilitas
964 1224 1161 1290 vicissim·

145 1335 216 1399 qne
243 1314 454 1380 communis
479 1313 638 1379 utilitas
666 1317 733 1378 tua
761 1312 828 1396 sit,
858 1312 1007 1377 celabis
1035 1311 1160 1378 homi·

144 1424 225 1487 nes,
257 1403 348 1487 quid
379 1403 428 1467 iis
460 1401 565 1467 adsit
596 1400 885 1466 commoditatis
917 1404 956 1464 et
982 1400 1159 1485 copies?

145 1491 366 1575 Respondebit
379 1490 542 1576 Diogenes
555 1487 697 1554 fortasse
711 1489 770 1552 sie:
790 1487 924 1553 ‘Aliud
942 1493 1001 1553 cst
1014 1490 1162 1571 celare,

146 1579 251 1645 aliud
277 1584 421 1660 taeere;
452 1597 573 1660 neque
601 1597 671 1663 ego
698 1598 797 1642 nunc
823 1581 862 1641 te
888 1577 984 1659 celo,
1016 1578 1050 1640 si
1083 1573 1200 1642 tibio

144 1689 221 1731 non
243 1665 340 1748 dieo,
363 1685 459 1750 quae
480 1669 621 1730 nature
640 1664 795 1731 deorum
813 1665 883 1747 sit,
905 1665 971 1748 qui
989 1665 1043 1728 sit
1060 1665 1161 1730 finis

144 1755 345 1836 bonorum,
378 1759 479 1836 quae
504 1752 579 1817 tibi
610 1753 697 1838 plus
734 1751 966 1838 prodessent
996 1755 1162 1839 cognita

146 1863 257 1927 quam
289 1841 417 1907 tritici
453 1841 603 1924 vilitas3
640 1839 705 1905 sed
740 1861 831 1924 non,
867 1841 1049 1925 quioquid
1081 1842 1161 1906 tibi

146 1930 279 1995 audire
302 1929 400 1996 utile
423 1934 496 2014 est,
518 1929 616 1994 idem
639 1928 734 1994 mihi
757 1929 882 1994 dicere
905 1949 1056 1994 necesse
1077 1929 1160 1996 est?

93 2035 126 2086 os
145 2017 279 2084 ‘Immo
302 2017 419 2102 vero',
441 2017 566 2102 inquiet
583 2018 649 2101 ille,
673 2016 846 2082 ‘necesse
869 2020 942 2101 est,
965 2017 1159 2101 siquidem
1174 2036 1201 2076 so
1250 2087 1251 2090 Ἴ

146 2106 358 2171 meministi
385 2126 471 2170 esse
492 2107 596 2170 inter
617 2105 792 2170 homines
815 2109 955 2170 natura
977 2106 1159 2172 coniunc-

145 2199 222 2258 tam
241 2191 490 2258 societatem'
524 2191 720 2278 ‘Memini',
737 2193 864 2276 inquiet
877 2193 949 2276 ille;
967 2192 1050 2258 ‘sed
1067 2215 1158 2260 num

145 2282 223 2346 ista
246 2281 415 2346 societas
437 2280 532 2345 talis
555 2285 627 2364 est,
650 2285 692 2346 ut
713 2280 814 2345 nihii
836 2302 945 2346 suum
968 2282 1160 2366 cuiusque

145 2368 219 2434 sit?
265 2367 369 2444 Quod
397 2368 430 2432 si
463 2367 521 2432 ita
552 2372 624 2452 est,
654 2390 699 2434 ne
731 2369 971 2435 vendundum
1003 2371 1160 2454 quidem

146 2459 350 2540 quiequam
373 2459 445 2539 est,
468 2456 533 2521 sed
557 2456 791 2522 donandum?
1175 2477 1201 2518 ss

95 2544 136 2609 13
211 2542 311 2609 Vides
343 2544 377 2610 in
408 2544 470 2610 hae
501 2547 573 2610 tota
605 2545 838 2630 disceptatione
869 2566 934 2610 non
966 2545 1049 2610 illud
1078 2546 1160 2612 dici:
1250 2605 1251 2608 ,

146 2631 312 2707 ‘Quamvis
334 2632 396 2698 hoo
418 2637 514 2718 turpe
536 2633 594 2716 sit,
615 2636 740 2716 tamen,
763 2633 915 2717 quoniam
939 2633 1083 2718 expedit,
1110 2634 1160 2700 fa·
1250 2679 1251 2692 η

145 2720 250 2806 ciem',
278 2720 335 2788 sed
359 2721 409 2786 ite
436 2720 597 2805 expedire,
615 2725 662 2786 ¹ut
687 2724 783 2807 turpe
810 2742 876 2786 non
903 2721 961 2805 sit,
988 2743 1027 2786 er
1050 2723 1159 2788 altera
1250 2727 1251 2792 Ξ

146 2814 255 2876 autem
278 2813 386 2894 parte,
413 2830 451 2874 ea
474 2831 522 2892 re,
549 2809 626 2893 quia
648 2811 743 2894 turpe
767 2809 824 2892 sit,
850 2830 917 2874 non
940 2830 1011 2875 esse
1037 2809 1159 2875 facien·

93 2911 127 2960 or
145 2897 231 2962 dum.
276 2896 406 2961 Vendat
434 2897 528 2962 sedes
555 2896 737 2961 virbonus
764 2902 898 2981 propter
925 2898 1037 2981 eliqua
1065 2899 1159 2980 vitia,
1174 2917 1201 2958 so

146 3006 227 3068 quae
241 2985 311 3069 ipse
324 2985 422 3068 norit,
440 2984 539 3050 ceteri
552 2984 713 3070 ignorent,
726 2985 918 3070 pestilentes
931 2985 999 3050 sint
1012 2988 1045 3050 et
1059 2985 1159 3051 habe-

146 3077 243 3139 antur
265 3072 426 3156 salubres,
455 3073 624 3158 ignoretur
646 3073 681 3137 in
701 3073 853 3138 omnibus
877 3073 1033 3139 cubiculis
1057 3096 1160 3160 appa·

145 3182 216 3225 rere
235 3165 410 3246 serpentes,
428 3161 512 3226 mule
530 3161 722 3226 materiatae
740 3163 812 3244 siut,
835 3161 994 3243 ruinosae,
1018 3161 1074 3226 sed
1093 3162 1159 3228 hoc

144 3252 274 3331 praeter
296 3249 462 3314 dominum
484 3270 578 3314 nomo
602 3248 698 3332 sciat3
721 3269 855 3332 quaero,
878 3249 906 3313 si
928 3249 1009 3314 haec
1032 3256 1159 3334 empto·

145 3335 235 3399 ribus
258 3335 408 3402 venditor
432 3358 498 3402 uon
526 3336 643 3402 dixerit
665 3336 824 3420 aedesque
846 3336 1027 3404 vendiderit
1049 3337 1158 3422 pluris
1173 3354 1202 3396 ss

145 3421 259 3502 multo,
278 3443 375 3504 quam
390 3443 424 3488 se
438 3423 643 3490 venditurum
657 3425 792 3509 putarit,
808 3446 887 3490 num
905 3424 940 3489 id
956 3425 1077 3490 iniuste
1098 3431 1158 3490 aut

93 3524 126 3573 55
146 3509 282 3592 inprobe
304 3507 426 3574 iecerit.
463 3509 552 3574 ‘lile
570 3511 687 3596 vero',
708 3512 815 3597 inquit
832 3513 1022 3598 Antipater:
1046 3513 1158 3597 ‘quid
