2504 3950
133 159 197 224 122
523 156 573 212 DE
592 155 742 212 currens

130 319 231 386 fuisse
253 317 401 400 Ulixem,
424 318 453 383 si
474 318 509 384 in
530 317 590 383 illa
613 317 822 382 simulatione
843 315 1143 402 perseveravisset?

131 406 463 560 quificqrmbmAaximas
490 427 542 472 res
571 406 709 492 gesserit
730 405 766 470 in
792 404 894 488 bello,
920 407 1032 470 tamen
1059 403 1144 470 haec

208 518 227 560 a
265 517 285 560 a
360 515 444 561 iace:

132 519 295 649 auCuius
318 581 405 668 ipse
427 581 608 668 princeps
629 579 731 645 iuris
752 575 915 644 iurandi
933 577 1026 662 fuit,

175 669 282 746 Quod
303 671 436 735 omnes
460 669 588 753 scitis,
609 668 719 734 silus
740 664 918 752 neglexit
939 665 1074 750 fidem3
1154 684 1169 729 a

175 758 319 824 Furere
342 757 587 840 sissimulare,
609 759 655 821 ne
678 755 818 839 coiret,
840 752 1004 820 institit.

176 843 330 922 Quodn'r‘
349 845 547 911 Palamedi
569 843 775 929 perspicax
797 841 1005 929 prudentie
1029 849 1031 857 '

175 931 299 998 Istius
322 936 530 1017 percepset
552 931 791 997 militiosam
820 929 1036 1013 audaciam,

175 1019 268 1086 Fide
291 1022 469 1084 sacratae
491 1019 550 1084 iris
573 1022 761 1105 perpetuo
783 1017 955 1082 filleret.
1006 1072 1009 1078 .

78 1129 112 1178 ea
130 1108 186 1174 Illi
208 1129 285 1173 vero
307 1127 375 1173 non
397 1106 492 1173 modo
516 1128 588 1172 cum
609 1106 774 1190 hostibus,
800 1125 912 1170 verum
936 1104 1036 1172 etiam
1065 1127 1142 1171 curn
1157 1126 1182 1166 ιο

131 1195 296 1280 fluctibus,
325 1195 359 1260 id
385 1195 472 1280 quod
497 1193 584 1278 fecit,
612 1193 768 1259 ‘dimicare
795 1193 911 1258 melius
944 1192 1008 1258 fuit
1041 1215 1142 1276 quam

132 1285 279 1350 deserere
301 1283 556 1350 consentientem
578 1281 748 1348 Graeciam
774 1281 815 1347 ad
838 1280 960 1346 bellum
987 1280 1141 1347 barbaris

131 1371 341 1438 inferendum.
374 1368 437 1436 Sed
459 1370 648 1436 omittamus
671 1373 705 1434 et
726 1368 856 1435 fabulas
879 1372 913 1433 et
931 1371 1079 1452 externas
1099 1369 1143 1434 ad

131 1483 202 1526 rem
219 1459 342 1526 factam
361 1461 572 1542 nostramque
590 1457 767 1522 veniamus.
792 1456 836 1521 Μ.
849 1456 972 1552 Atilius
990 1456 1142 1542 Regulus

132 1570 205 1614 cum
228 1546 341 1612 consul
362 1547 480 1610 iterum
503 1546 538 1610 in
559 1543 673 1610 Africa
695 1566 734 1610 ex
756 1544 883 1610 insidiis
909 1547 1023 1630 captus
1052 1549 1142 1609 esset
1157 1565 1183 1606 rs
1243 1623 1244 1634 ἵ

132 1635 210 1700 duee
223 1633 414 1717 Xanthippo
428 1632 692 1716 Lacedaemonio,
709 1632 906 1718 imperatore
920 1635 1030 1697 autem
1042 1636 1142 1718 patre
1243 1651 1244 1698 l

130 1720 326 1788 Hannibalis
348 1719 543 1803 Hamilcare,
565 1720 691 1785 iuratus
709 1719 827 1785 missus
850 1723 901 1786 est
918 1719 960 1785 ad
978 1724 1142 1805 sanatum,
1243 1701 1244 1740 l

131 1813 184 1893 ut,
206 1809 270 1874 nisi
292 1807 410 1874 redditi
433 1811 542 1874 essent
563 1806 681 1874 Poenis
704 1808 825 1893 captivi
846 1807 973 1874 nobiles
997 1808 1141 1893 quidam,

131 1897 251 1963 rediret
277 1897 347 1983 ipse
376 1895 616 1983 Carthaginem.
660 1895 694 1962 Is
721 1917 794 1963 curn
820 1895 959 1962 Romam
985 1897 1141 1980 venisset,

131 1985 286 2052 utilitatis
309 1985 450 2070 speciem
471 1985 617 2068 videbat,
644 1983 700 2050 sed
727 2005 812 2068 eam,
829 1987 881 2049 'ut
909 1987 972 2050 'res'
985 1981 1182 2069 declaratio

131 2073 250 2140 falsam
272 2072 439 2156 iudicarit3
472 2093 554 2155 quae
576 2075 647 2137 erat
674 2071 765 2138 talis:
797 2093 927 2138 manere
956 2072 992 2137 in
1019 2072 1139 2158 patria,

132 2182 202 2226 esse
225 2159 335 2225 domui
357 2181 434 2224 suae
457 2181 529 2225 curn
552 2180 665 2243 uxore,
687 2182 761 2226 cum
783 2160 908 2243 liberis,
931 2167 1032 2244 quam
1054 2161 1140 2226 cala-

131 2248 281 2312 mitatem
304 2246 481 2332 accepisset
502 2247 538 2312 in
560 2247 657 2331 bello,
680 2269 881 2314 communem
898 2247 1051 2314 fortunae
1071 2248 1141 2313 bel·

131 2335 214 2400 licae
235 2334 431 2401 iudicantem
453 2337 563 2400 tenere
586 2336 765 2402 consularia
795 2335 967 2422 dignitatis
990 2337 1140 2422 gratim.

132 2422 210 2499 Quis
228 2423 309 2488 haec
326 2426 427 2508 negat
444 2442 515 2488 esse
532 2422 649 2488 utilia?
672 2445 768 2508 quem
787 2425 920 2490 censes?
942 2423 1139 2510 Magnitudo
1154 2445 1183 2486 ss

132 2510 232 2575 animi
255 2514 289 2575 et
309 2509 468 2599 fortitudo
490 2515 598 2596 negat.

79 2577 121 2642 27
197 2597 286 2664 Num
308 2598 536 2683 locupletiores
560 2599 688 2682 quaeris
711 2599 881 2666 auctores?
904 2598 1031 2666 Harum
1050 2601 1140 2667 enirn
1242 2637 1243 2650 κ

80 2655 182 2752 1⁰⁰cst
198 2687 356 2753 virtutum
369 2687 537 2772 proprium
550 2687 635 2751 nihil
644 2687 861 2771 extimescere,
871 2687 980 2753 onmia
993 2688 1139 2756 humana
1242 2711 1243 2720 ¹

131 2775 307 2860 despicere,
333 2773 429 2858 nihil,
457 2775 543 2858 quod
564 2774 689 2840 homini
712 2773 855 2841 accidere
877 2776 996 2860 possit,
1023 2776 1140 2842 intole-

130 2863 266 2927 randum
288 2866 412 2948 putare.
448 2862 564 2946 Itaque
586 2862 663 2945 quid
684 2862 783 2928 fecit?
809 2861 850 2928 In
871 2867 1020 2930 senatum
1037 2865 1140 2948 venit,
1154 2884 1183 2924 eo

130 2949 284 3015 mandata
311 2949 473 3034 exposuit,
505 2949 701 3015 sententiam
726 2971 768 3015 ue
801 2950 934 3035 diceret,
965 2952 1140 3036 recusarit,

130 3059 228 3121 quam
251 3037 305 3103 diu
332 3037 401 3102 iure
428 3037 564 3102 iurando
591 3036 736 3103 hostium
765 3040 943 3123 teneretur,
971 3059 1039 3104 non
1066 3061 1139 3106 esse

131 3146 165 3190 se
180 3129 372 3192 senatorem.
401 3124 510 3209 Atque
523 3124 606 3190 illud
619 3124 718 3191 etiam
734 3121 783 3212 (‘o
798 3125 936 3191 stultum
949 3126 1140 3211 hominem’‚

130 3211 247 3276 dixerit
261 3213 431 3298 quispiam,
445 3211 490 3277 ‘et
503 3216 738 3298 repugnantem
751 3213 889 3278 utilitati
902 3213 1031 3300 suaet),
1044 3215 1138 3280 reddi

129 3299 276 3382 captivos
301 3301 435 3386 negarit
462 3321 532 3366 esse
558 3301 654 3384 utile3
687 3300 763 3366 illos
795 3301 881 3366 enim
913 3299 1138 3368 adulescentes
1153 3320 1181 3362 as

129 3407 199 3450 esse
218 3388 252 3449 et
269 3384 372 3450 bonos
387 3386 491 3471 duces,
510 3409 545 3452 se
558 3387 626 3453 iam
639 3387 822 3454 confectum
836 3392 1010 3454 senectute.
1035 3387 1137 3456 (luins

129 3494 202 3538 cum
231 3471 387 3536 valuisset
419 3475 612 3559 auctoritas,
642 3475 764 3562 captivi
792 3475 912 3542 retenti
942 3480 1033 3561 sunt,
1065 3477 1138 3563 ipsa
