2542 3950
163 187 230 251 418
355 185 396 240 m
414 185 444 240 C.
462 179 670 239 sanusm
687 177 978 238 conunovnnsln

433 465 490 549 uc
508 463 640 532 suun
659 462 902 546 orouuoms]

650 586 691 640 m

381 699 420 772 0.
448 697 718 770 SALUSTIUM
744 695 951 768 offlSPUM

522 831 810 887 coumovnusm

130 949 149 1008 l
229 959 423 1024 Eudemum
437 973 558 1058 magna
570 959 723 1042 voluptas
737 961 798 1042 est,
809 955 847 1023 0.
853 955 982 1022 Salusti
981 959 1179 1043 ,aequalem
1205 979 1219 1019 s

129 1023 202 1116 ¹ac
229 1066 342 1134 param
367 1047 478 1112 verbis
504 1047 607 1110 vitam
639 1067 737 1132 agere
767 1065 872 1130 neque
902 1047 1080 1130 quicquam
1106 1051 1179 1112 mm

165 1139 339 1203 obscenum
367 1136 485 1219 dicere,
517 1135 569 1200 cui
599 1157 666 1198 non
698 1135 739 1198 ab
770 1135 865 1198 initio
892 1135 1054 1218 pueritiae
1086 1136 1178 1200 omni

165 1247 282 1312 genere
303 1224 459 1290 facinoris
475 1186 568 1288 duetus
585 1227 645 1287 tua
660 1223 866 1306 respondeat,
886 1227 925 1286 ut
941 1225 1050 1288 omnis
1068 1225 1177 1289 oratio

164 1308 311 1380 moribus
333 1315 499 1378 consonet.
542 1309 657 1394 Neque
680 1311 780 1394 enim,
800 1311 859 1395 qui
880 1311 929 1375 ita
949 1312 1047 1395 vivit,
1068 1317 1109 1376 nt
1130 1317 1178 1396 tu,

165 1403 263 1468 aliter
284 1421 323 1466 ac
344 1405 382 1465 tu
403 1400 494 1484 loqui
514 1403 639 1484 potest,
665 1418 782 1482 neque,
812 1400 868 1482 qui
889 1403 960 1464 tum
981 1400 1088 1465 inloto
1112 1415 1177 1465 ser*
1191 1419 1218 1458 ro

164 1511 259 1556 mone
277 1490 391 1572 utitur,
412 1489 483 1554 vita
499 1487 686 1554 honestiore
704 1491 764 1552 est.
798 1486 871 1562 Quo
888 1509 942 1552 me
958 1493 1177 1574 praevertam,

164 1583 276 1663 patres
297 1577 483 1660 conscripti,
504 1577 590 1640 unde
612 1575 742 1640 initium
764 1576 914 1640 sumam?
958 1575 1066 1641 Maius
1089 1577 1177 1642 enim

165 1665 246 1730 mihi
269 1663 395 1730 dicendi
416 1683 498 1728 onus
519 1663 714 1747 imponitur,
741 1685 806 1748 quo
832 1664 943 1730 notior
965 1669 1017 1728 est
1038 1669 1177 1749 uterque

164 1757 323 1836 nostrum,
346 1752 433 1836 quod
451 1755 516 1835 aut,
539 1752 568 1815 si
585 1751 625 1816 de
642 1769 716 1817 meo
736 1752 806 1818 vita
828 1756 927 1836 atquc
949 1753 1078 1818 actibus
1099 1754 1177 1818 huic

165 1838 376 1908 conviciatori
397 1840 608 1925 respondero,
634 1837 757 1905 invidia
779 1841 925 1926 'gloriam
951 1846 1217 1925 consequetur,rs

165 1935 232 2015 aut,
255 1931 284 1993 si
305 1931 402 1994 huius
423 1929 521 2010 facta,
544 1939 661 2012 mores,
685 1945 814 1992 omnem
837 1932 979 1993 aetatem
1001 1930 1177 2013 nudavero,

164 2019 200 2083 in
221 2017 308 2082 idem
325 2018 443 2083 vitium
460 2016 602 2082 incidam
619 2017 838 2102 procacitatis,
862 2017 949 2100 quod
965 2017 1043 2082 huic
1060 2017 1177 2082 obicio.

131 2106 204 2172 ald
226 2127 299 2188 vos,
325 2105 355 2168 si
376 2105 463 2169 forte
485 2104 697 2187 offendimini,
725 2105 842 2170 iustius
868 2105 946 2170 huie
973 2125 1072 2188 quam
1094 2105 1178 2170 mihi

166 2211 352 2258 suscensere
374 2192 517 2275 debetis,
545 2193 601 2275 qui
626 2193 757 2256 initium
779 2192 974 2276 introduxit3
1002 2212 1065 2280 ego
1091 2193 1177 2258 dabo

167 2299 313 2366 operam,
338 2283 376 2344 ut
396 2283 438 2344 et
462 2299 549 2382 pro·
549 2301 604 2344 me
631 2281 766 2346 minimo
793 2297 866 2346 cum
887 2243 1023 2346 fastidio
1044 2300 1177 2368 respon·
1163 2301 1215 2340 -ao
1252 2295 1253 2298 ¹

166 2369 260 2434 deam
283 2368 348 2432 et'
338 2387 374 2433 m
397 2367 484 2432 hunc
506 2367 639 2433 minime
660 2369 816 2433 mentitus
839 2389 911 2434 esse
937 2369 1059 2436 videar.
1103 2368 1176 2435 Scio

166 2479 234 2540 me,
266 2460 378 2542 patres
409 2457 600 2541 conscripti,
635 2457 671 2520 in
701 2457 925 2542 respondendo
956 2475 1025 2522 non
1054 2457 1177 2522 habere

167 2565 320 2630 maguam
343 2545 613 2630 expectationem,
640 2545 727 2628 quod
753 2545 881 2609 nullum
903 2561 963 2610 vos
986 2547 1098 2610 sciatis
1121 2565 1177 2610 no

166 2655 243 2699 vum
265 2632 388 2698 crimen
407 2633 442 2696 in
460 2630 640 2697 Salustium
658 2633 835 2717 audituros,
858 2633 915 2697 sed
935 2634 1048 2698 omnia
1064 2639 1178 2699 vetera

166 2721 405 2807 recognitum,
433 2721 505 2804 quis
533 2723 567 2785 et
593 2741 684 2786 meae
711 2725 745 2785 et
770 2725 900 2785 vestrae
924 2721 992 2786 ‘iam
1018 2725 1052 2785 et
1074 2723 1176 2808 ipsius
1189 2738 1215 2780 as

167 2831 262 2875 aures
285 2809 400 2874 calent.
430 2807 553 2873 Verum
576 2829 615 2872 eo
637 2809 743 2894 magis
767 2809 873 2874 odisse
895 2809 1056 2874 debebitis
1074 2810 1177 2874 homi·

167 2919 255 2982 nem,
284 2897 340 2981 qui
361 2917 402 2960 ne
423 2897 582 2981 incipiens
604 2897 734 2980 quidem
757 2917 889 2981 peccare
911 2897 1057 2962 minimis
1079 2899 1177 2963 rebus

167 2985 278 3072 posuit
296 2984 524 3067 rudimentum,
546 2984 670 3048 sedita
686 2985 853 3071 ingressus
874 2989 934 3070 est,
955 2990 993 3051 ut
1010 3007 1117 3070 neque
1135 2988 1177 3051 ab

169 3074 234 3139 alio
256 3073 343 3138 uinci
365 3072 471 3156 possit
492 3093 598 3156 neque
619 3073 689 3158 ipse
713 3095 748 3137 se
771 3073 902 3138 omnino
925 3074 1052 3158 reliqua
1070 3079 1177 3140 aetate

134 3179 150 3226 3
169 3161 355 3247 praeterire
401 3159 517 3244 Itaque
543 3160 627 3225 nihil
650 3160 738 3225 aliud
761 3161 871 3226 studet
892 3162 958 3226 nisi
979 3166 1017 3226 ut
1040 3163 1177 3227 lutulen-
1189 3179 1215 3220 ³⁰

169 3253 224 3312 tus
246 3269 299 3315 aas
321 3269 394 3312 cum
418 3247 534 3350 quovis
552 3248 644 3313 volut
645 3248 703 3312 ari.
738 3248 851 3334 Longe
868 3271 945 3314 vero
964 3248 1094 3315 fallitur
1112 3251 1178 3336 opi·

168 3335 274 3399 nione.
328 3331 404 3399 Non
436 3337 522 3400 enim
553 3336 751 3418 procacitate
783 3337 916 3422 linguae
946 3338 1035 3402 vitae
1068 3339 1178 3404 sordes

171 3421 332 3502 eluuntur,
356 3421 412 3484 sed
430 3426 482 3486 est
500 3423 658 3524 quaedam
676 3424 848 3508 calumnia,
872 3445 969 3508 quam
987 3447 1072 3490 unus
1094 3427 1178 3510 quis-

173 3527 234 3590 que
256 3509 404 3569 nostrum
427 3511 569 3572 testante
593 3510 702 3575 animo
725 3531 784 3575 suo
805 3511 872 3576 fert
895 3512 933 3576 de
955 3534 1009 3596 eo,
1038 3513 1096 3597 qui
1120 3514 1179 3578 fal-
