2542 3950
349 581 412 680 [ιι.
441 582 583 702 cmm
611 579 874 680 nicanorus]

529 735 692 802 ORATIO

487 855 611 910 PRIDIE
630 855 734 922 QUAM

416 963 466 1030 IN
488 963 675 1030 EXILIUM
697 963 809 1031 IRET.

76 1125 89 1165 ι
175 1103 210 1169 si
228 1103 384 1190 quando
374 1104 578 1170 mimicorum
595 1105 753 1206 impetum
771 1105 964 1207 propulsare
982 1127 1019 1172 so
1041 1091 1148 1214 pro-1

104 1194 230 1279 pellere
248 1193 392 1278 cupistis,
416 1192 576 1258 defendite
592 1215 678 1259 nune
696 1194 839 1258 universi
857 1217 966 1296 unum,
989 1194 1053 1279 qui,
1074 1165 1148 1260 ne¹

105 1303 220 1347 omnes
244 1281 358 1346 ardore
381 1281 531 1346 flammae
555 1281 774 1365 occideretis,-
805 1283 869 1348 mei
892 1283 1009 1369 capitis
1032 1283 1116 1368 peri·

105 1372 181 1436 culo
211 1391 280 1436 non
311 1369 458 1435 dubitavi
487 1369 666 1455 providere.
719 1333 819 1455 llam,
856 1393 952 1455 quem
982 1371 1116 1436 virtutis

106 1458 217 1546 gloria
237 1480 310 1523 cum
333 1479 460 1522 summa
482 1458 577 1523 laude
601 1459 642 1524 ed
669 1459 793 1524 caelum
821 1459 951 1543 extulit,
980 1458 1116 1525 eundem

65 1547 312 1612 1oinimioorum
339 1546 462 1612 invidia
487 1546 713 1633 indignissime
740 1569 932 1632 oppressum
964 1547 1116 1632 deprimit

106 1636 149 1702 ad
168 1635 372 1720 supplicium.
401 1633 435 1699 si
453 1635 994 1722 liberumoonceptamdulcedinem
1008 1635 1116 1700 animo

105 1725 268 1789 inclusam
290 1723 477 1806 continetis,
503 1723 606 1788 nolite
629 1745 667 1788 eo
689 1724 774 1789 velle
797 1745 919 1808 carere,
942 1723 998 1808 qui
1021 1724 1116 1788 caris·

107 1810 225 1878 simam
251 1814 396 1876 vestram
422 1811 681 1894 procreationem
713 1811 776 1875 sibi
808 1832 878 1876 esse
910 1811 1009 1876 duxit.
1054 1811 1150 1876 Esta

107 1901 193 1965 enim
221 1899 357 1964 liberale
385 1898 527 1963 officium
555 1919 661 1962 serere
691 1899 895 1982 beneficium,
927 1902 964 1964 ut
995 1902 1116 1964 metere

68 2007 94 2046 1⁵
107 1989 214 2074 possis
241 1987 399 2070 fruetum3
424 1985 500 2050 fidei
527 1985 708 2051 conducit
698 2009 733 2050 m
755 1988 828 2052 loeo
851 1949 1074 2052 delirant
1023 1991 1104 2052 ιιιιι

107 2078 214 2142 buere.
259 2074 332 2140 Illic
359 2074 445 2139 enim
473 2073 575 2138 animi
601 2075 754 2140 voluntas
781 2095 944 2160 propensa
970 2097 1116 2160 compro-

107 2149 218 2248 liatur,
241 2163 295 2228 hic
317 2162 475 2228 memorio
497 2162 718 2228 conlaudatur.
762 2162 941 2247 Itaque‚'
915 2185 943 2227 ιι
966 2164 1115 2229 omnibus

109 2274 208 2339 grave
225 2253 339 2352 iugum
358 2243 525 2316 servitutis
543 2272 614 2316 esse
633 2251 756 2317 debet'
745 2273 781 2315 ιιι
794 2251 929 2316 libertat
915 2255 948 2316 te
963 2251 1118 2336 educatis,

109 2341 183 2405 sit
173 2361 201 2405 ιι
224 2339 342 2404 vestris
366 2338 482 2403 animis
506 2339 763 2423 acceptissimus,
792 2339 847 2422 qui
870 2362 890 2402 a
912 2344 1021 2405 vestro
1049 2362 1116 2406 cor·

70 2447 95 2486 20
108 2449 186 2514 pore
208 2427 338 2514 iugum
335 2427 589 2492 acerbissimum
611 2426 755 2512 reppulit
782 2427 929 2492 servitut
920 2450 957 2492 ιι.
1001 2427 1061 2511 Et,
1087 2429 1150 2492 sia

110 2517 248 2581 maiores
274 2515 377 2582 vestri
404 2536 459 2580 eos
486 2515 713 2600 imperatores,
744 2515 800 2597 qui
827 2509 968 2580 militum
996 2477 1117 2582 virtute

108 2605 252 2670 hostium
273 2603 442 2690 fregerumt
464 2601 617 2686 furorem,
639 2601 869 2668 iucundissimo
891 2604 999 2670 fructu
1021 2605 1117 2670 liber-

109 2693 186 2758 tatis
214 2692 424 2758 reconciliato
450 2713 517 2757 non
540 2692 646 2756 solum
670 2690 788 2756 statuis
812 2691 926 2776 dignos
949 2697 1117 2778 putanmt,

110 2781 164 2846 sed
187 2781 287 2846 etiam
306 2785 438 2846 aeterna
454 2779 613 2865 triumphi
631 2779 726 2845 laude
744 2779 945 2863 decorarunt,
967 2785 1039 2846 tum
1057 2803 1116 2848 vos

72 2887 97 2926 ιι
110 2893 181 2942 eum
204 2869 379 2953 consulem,
402 2869 545 2953 quinon
567 2868 709 2933 militum
731 2868 897 2953 praesenti
916 2869 1116 2949 fortitudine,

111 2959 164 3023 sed
188 2979 246 3023 sua
269 2957 387 3022 eximia
406 2957 506 3022 animi
523 2957 646 3022 virtute
662 2957 818 3023 hostilem
837 2956 955 3022 civium
974 2961 1115 3023 mentem

111 3051 240 3112 senatus
254 3046 449 3112 auctoritato
462 3045 648 3129 vindicavit,
665 3045 849 3110 existimate
866 3044 959 3110 vobis
978 3046 1116 3111 retinen-

110 3137 183 3200 dum
207 3155 277 3200 esse
300 3135 335 3198 in
357 3135 498 3200 civitate.
535 3132 579 3218 Si,
602 3155 684 3218 quae
706 3133 862 3198 beneficia
885 3133 1023 3219 singulis
1041 3112 1154 3236 civi-ff

109 3226 167 3289 bus
190 3223 408 3309 privatimque
431 3223 563 3307 dantur,
590 3244 629 3287 ea
656 3223 762 3287 solent
783 3221 824 3286 iis
848 3243 917 3287 esse
939 3221 1115 3307 fructuosa,

73 3330 129 3379 eoa
154 3313 271 3397 quibus
300 3315 376 3376 sunt
402 3310 562 3396 profecta,
591 3311 661 3376 iure
689 3314 722 3376 et
749 3311 865 3375 merito
893 3331 1027 3395 possum
1054 3332 1115 3398 ego

109 3423 165 3466 vos
189 3401 230 3466 ad
253 3399 472 3466 defensionem
495 3421 586 3465 meae
610 3399 725 3464 salutis
744 3399 921 3484 adhortari,
944 3421 1025 3483 quos
1043 3421 1116 3464 con·

112 3490 234 3556 servavi
265 3490 443 3556 universos.
491 3487 577 3556 Nam
603 3510 707 3574 neque
735 3487 839 3552 maius
866 3490 917 3552 est
948 3487 1123 3552 defendere.
