<?xml version="1.0" encoding="UTF-8"?>
<!DOCTYPE html PUBLIC "-//W3C//DTD XHTML 1.0 Transitional//EN"
    "http://www.w3.org/TR/xhtml1/DTD/xhtml1-transitional.dtd">
<html xmlns="http://www.w3.org/1999/xhtml" xml:lang="en" lang="en">
 <head>
  <title>
</title>
<meta http-equiv="Content-Type" content="text/html;charset=utf-8" />
  <meta name='ocr-system' content='tesseract 3.04.00' />
  <meta name='ocr-capabilities' content='ocr_page ocr_carea ocr_par ocr_line ocrx_word'/>
</head>
<body>
  <div class='ocr_page' id='page_1' title='image "./mtulliiciceroni04mlgoog_0134.png"; bbox 0 0 2504 3950; ppageno 0'>
   <div class='ocr_carea' id='block_1_1' title="bbox 345 166 1115 232">
    <p class='ocr_par' dir='ltr' id='par_1_1' title="bbox 345 166 1115 232">
     <span class='ocr_line' id='line_1_1' title="bbox 345 166 1115 232; baseline 0.012 -13"><span class='ocrx_word' id='word_1_1' title='bbox 345 166 413 222; x_wconf 89' lang='lat' dir='ltr'><strong>LIB.</strong></span> <span class='ocrx_word' id='word_1_2' title='bbox 432 166 467 223; x_wconf 92' lang='lat' dir='ltr'>II.</span> <span class='ocrx_word' id='word_1_3' title='bbox 499 166 576 222; x_wconf 78' lang='lat' dir='ltr'>CAP.</span> <span class='ocrx_word' id='word_1_4' title='bbox 597 172 709 225; x_wconf 81' lang='lat'>11-13.</span> <span class='ocrx_word' id='word_1_5' title='bbox 741 171 757 232; x_wconf 66' lang='grc' dir='ltr'><strong>ξ</strong></span> <span class='ocrx_word' id='word_1_6' title='bbox 775 172 889 222; x_wconf 78' lang='grc'><strong>40-45.</strong></span> <span class='ocrx_word' id='word_1_7' title='bbox 1073 168 1115 231; x_wconf 76' lang='grc'>71,</span> 
     </span>
    </p>
   </div>
   <div class='ocr_carea' id='block_1_2' title="bbox 68 326 1238 3585">
    <p class='ocr_par' dir='ltr' id='par_1_2' title="bbox 68 326 1238 3585">
     <span class='ocr_line' id='line_1_2' title="bbox 104 326 1115 414; baseline 0.001 -19"><span class='ocrx_word' id='word_1_8' title='bbox 104 330 199 396; x_wconf 85' lang='lat' dir='ltr'>stitia</span> <span class='ocrx_word' id='word_1_9' title='bbox 220 332 273 395; x_wconf 88' lang='lat' dir='ltr'>est</span> <span class='ocrx_word' id='word_1_10' title='bbox 296 351 370 395; x_wconf 89' lang='lat' dir='ltr'>cum</span> <span class='ocrx_word' id='word_1_11' title='bbox 393 329 465 414; x_wconf 88' lang='lat' dir='ltr'>ipsa</span> <span class='ocrx_word' id='word_1_12' title='bbox 487 333 639 414; x_wconf 76' lang='lat' dir='ltr'>per‘sese</span> <span class='ocrx_word' id='word_1_13' title='bbox 666 326 757 414; x_wconf 89' lang='lat' dir='ltr'>(nam</span> <span class='ocrx_word' id='word_1_14' title='bbox 780 330 877 395; x_wconf 88' lang='lat' dir='ltr'>aliter</span> <span class='ocrx_word' id='word_1_15' title='bbox 899 329 1027 396; x_wconf 87' lang='lat' dir='ltr'>iustitia</span> <span class='ocrx_word' id='word_1_16' title='bbox 1048 351 1115 396; x_wconf 86' lang='lat' dir='ltr'>non</span> 
     </span>
     <span class='ocr_line' id='line_1_3' title="bbox 103 415 1114 504; baseline 0.001 -21"><span class='ocrx_word' id='word_1_17' title='bbox 103 415 216 504; x_wconf 86' lang='lat' dir='ltr'>esset),</span> <span class='ocrx_word' id='word_1_18' title='bbox 234 421 307 482; x_wconf 90' lang='lat' dir='ltr'>tum</span> <span class='ocrx_word' id='word_1_19' title='bbox 320 421 455 502; x_wconf 89' lang='lat' dir='ltr'>propter</span> <span class='ocrx_word' id='word_1_20' title='bbox 473 417 760 502; x_wconf 87' lang='lat' dir='ltr'>amplificationem</span> <span class='ocrx_word' id='word_1_21' title='bbox 777 417 910 483; x_wconf 87' lang='lat' dir='ltr'>honoris</span> <span class='ocrx_word' id='word_1_22' title='bbox 929 422 963 484; x_wconf 90' lang='lat' dir='ltr'>et</span> <span class='ocrx_word' id='word_1_23' title='bbox 980 417 1114 504; x_wconf 87' lang='lat' dir='ltr'>gloriae.</span> 
     </span>
     <span class='ocr_line' id='line_1_4' title="bbox 100 504 1114 591; baseline 0.003 -21"><span class='ocrx_word' id='word_1_24' title='bbox 100 504 166 571; x_wconf 85' lang='lat' dir='ltr'>Sed</span> <span class='ocrx_word' id='word_1_25' title='bbox 180 510 220 570; x_wconf 89' lang='lat' dir='ltr'>ut</span> <span class='ocrx_word' id='word_1_26' title='bbox 233 506 390 591; x_wconf 88' lang='lat' dir='ltr'>pecuniae</span> <span class='ocrx_word' id='word_1_27' title='bbox 402 527 470 571; x_wconf 91' lang='lat' dir='ltr'>non</span> <span class='ocrx_word' id='word_1_28' title='bbox 483 506 685 589; x_wconf 78' lang='lat' dir='ltr'>quaerendae</span> <span class='ocrx_word' id='word_1_29' title='bbox 700 505 806 570; x_wconf 88' lang='lat' dir='ltr'>solum</span> <span class='ocrx_word' id='word_1_30' title='bbox 824 506 909 571; x_wconf 89' lang='lat' dir='ltr'>ratio</span> <span class='ocrx_word' id='word_1_31' title='bbox 927 509 1114 590; x_wconf 74' lang='lat' dir='ltr'>astrorum</span> 
     </span>
     <span class='ocr_line' id='line_1_5' title="bbox 102 593 1115 680; baseline 0 -22"><span class='ocrx_word' id='word_1_32' title='bbox 102 595 208 659; x_wconf 88' lang='lat' dir='ltr'>etiam</span> <span class='ocrx_word' id='word_1_33' title='bbox 223 593 446 677; x_wconf 80' lang='lat' dir='ltr'>collocandae,</span> <span class='ocrx_word' id='word_1_34' title='bbox 465 615 546 676; x_wconf 89' lang='lat' dir='ltr'>quae</span> <span class='ocrx_word' id='word_1_35' title='bbox 564 597 739 678; x_wconf 87' lang='lat' dir='ltr'>perpetuos</span> <span class='ocrx_word' id='word_1_36' title='bbox 758 597 906 678; x_wconf 87' lang='lat' dir='ltr'>sumptus</span> <span class='ocrx_word' id='word_1_37' title='bbox 921 595 1115 680; x_wconf 76' lang='lat' dir='ltr'>suppeditet,</span> 
     </span>
     <span class='ocr_line' id='line_1_6' title="bbox 78 681 1115 766; baseline 0.002 -19"><span class='ocrx_word' id='word_1_38' title='bbox 78 698 162 747; x_wconf 66' lang='lat' dir='ltr'>aneo</span> <span class='ocrx_word' id='word_1_39' title='bbox 186 683 298 747; x_wconf 88' lang='lat' dir='ltr'>solum</span> <span class='ocrx_word' id='word_1_40' title='bbox 319 682 532 766; x_wconf 87' lang='lat' dir='ltr'>necessarios,</span> <span class='ocrx_word' id='word_1_41' title='bbox 555 681 613 745; x_wconf 87' lang='lat' dir='ltr'>sed</span> <span class='ocrx_word' id='word_1_42' title='bbox 635 681 736 746; x_wconf 88' lang='lat' dir='ltr'>etiam</span> <span class='ocrx_word' id='word_1_43' title='bbox 758 682 925 766; x_wconf 88' lang='lat' dir='ltr'>liberales,</span> <span class='ocrx_word' id='word_1_44' title='bbox 944 682 990 747; x_wconf 90' lang='lat' dir='ltr'>sic</span> <span class='ocrx_word' id='word_1_45' title='bbox 1008 683 1115 766; x_wconf 88' lang='lat' dir='ltr'>gloria</span> 
     </span>
     <span class='ocr_line' id='line_1_7' title="bbox 102 769 1167 854; baseline 0 -19"><span class='ocrx_word' id='word_1_46' title='bbox 102 775 137 835; x_wconf 91' lang='lat' dir='ltr'>et</span> <span class='ocrx_word' id='word_1_47' title='bbox 157 770 347 854; x_wconf 87' lang='lat' dir='ltr'>quaerenda</span> <span class='ocrx_word' id='word_1_48' title='bbox 374 774 407 834; x_wconf 92' lang='lat' dir='ltr'>et</span> <span class='ocrx_word' id='word_1_49' title='bbox 434 769 623 835; x_wconf 90' lang='lat' dir='ltr'>collocanda</span> <span class='ocrx_word' id='word_1_50' title='bbox 649 770 776 834; x_wconf 89' lang='lat' dir='ltr'>ratione</span> <span class='ocrx_word' id='word_1_51' title='bbox 803 774 862 834; x_wconf 87' lang='lat' dir='ltr'>est.</span> <span class='ocrx_word' id='word_1_52' title='bbox 911 769 1114 853; x_wconf 83' lang='lat' dir='ltr'>Quamquam</span> <span class='ocrx_word' id='word_1_53' title='bbox 1132 786 1167 835; x_wconf 79' lang='lat'>43</span> 
     </span>
     <span class='ocr_line' id='line_1_8' title="bbox 102 855 1115 943; baseline 0 -19"><span class='ocrx_word' id='word_1_54' title='bbox 102 859 272 943; x_wconf 84' lang='lat' dir='ltr'>praeclare</span> <span class='ocrx_word' id='word_1_55' title='bbox 295 855 445 924; x_wconf 80' lang='lat' dir='ltr'>Socrates</span> <span class='ocrx_word' id='word_1_56' title='bbox 462 857 557 924; x_wconf 59' lang='lat' dir='ltr'>‘hanc</span> <span class='ocrx_word' id='word_1_57' title='bbox 584 857 672 922; x_wconf 87' lang='lat' dir='ltr'>riam</span> <span class='ocrx_word' id='word_1_58' title='bbox 699 859 741 922; x_wconf 87' lang='lat' dir='ltr'>ad</span> <span class='ocrx_word' id='word_1_59' title='bbox 768 859 909 943; x_wconf 83' lang='lat' dir='ltr'>gloriam</span> <span class='ocrx_word' id='word_1_60' title='bbox 931 858 1115 943; x_wconf 82' lang='lat' dir='ltr'>proximam</span> 
     </span>
     <span class='ocr_line' id='line_1_9' title="bbox 103 945 1115 1033; baseline 0.002 -23"><span class='ocrx_word' id='word_1_61' title='bbox 103 951 136 1010; x_wconf 86' lang='lat' dir='ltr'>et</span> <span class='ocrx_word' id='word_1_62' title='bbox 154 946 254 1030; x_wconf 86' lang='lat' dir='ltr'>qnasi</span> <span class='ocrx_word' id='word_1_63' title='bbox 270 946 546 1031; x_wconf 83' lang='lat' dir='ltr'>compendiariam</span> <span class='ocrx_word' id='word_1_64' title='bbox 564 945 691 1012; x_wconf 90' lang='lat' dir='ltr'>dicebat</span> <span class='ocrx_word' id='word_1_65' title='bbox 709 967 789 1030; x_wconf 90' lang='lat' dir='ltr'>esse,</span> <span class='ocrx_word' id='word_1_66' title='bbox 804 947 833 1010; x_wconf 91' lang='lat' dir='ltr'>si</span> <span class='ocrx_word' id='word_1_67' title='bbox 852 946 923 1030; x_wconf 88' lang='lat' dir='ltr'>quis</span> <span class='ocrx_word' id='word_1_68' title='bbox 942 947 976 1010; x_wconf 90' lang='lat' dir='ltr'>id</span> <span class='ocrx_word' id='word_1_69' title='bbox 994 951 1115 1033; x_wconf 85' lang='lat' dir='ltr'>ageret,</span> 
     </span>
     <span class='ocr_line' id='line_1_10' title="bbox 102 1034 1114 1119; baseline 0.002 -21"><span class='ocrx_word' id='word_1_70' title='bbox 102 1039 153 1118; x_wconf 87' lang='lat' dir='ltr'>ut,</span> <span class='ocrx_word' id='word_1_71' title='bbox 182 1035 293 1118; x_wconf 90' lang='lat' dir='ltr'>qualis</span> <span class='ocrx_word' id='word_1_72' title='bbox 319 1034 434 1098; x_wconf 88' lang='lat' dir='ltr'>haberi</span> <span class='ocrx_word' id='word_1_73' title='bbox 460 1034 574 1118; x_wconf 84' lang='lat' dir='ltr'>vellet,</span> <span class='ocrx_word' id='word_1_74' title='bbox 601 1034 679 1098; x_wconf 88' lang='lat' dir='ltr'>talis</span> <span class='ocrx_word' id='word_1_75' title='bbox 707 1039 802 1100; x_wconf 88' lang='lat' dir='ltr'>esset.</span> <span class='ocrx_word' id='word_1_76' title='bbox 846 1034 969 1110; x_wconf 78' lang='lat' dir='ltr'>Quodsi</span> <span class='ocrx_word' id='word_1_77' title='bbox 992 1036 1048 1119; x_wconf 93' lang='lat' dir='ltr'>qui</span> <span class='ocrx_word' id='word_1_78' title='bbox 1071 1036 1114 1102; x_wconf 90' lang='lat' dir='ltr'>si-</span> 
     </span>
     <span class='ocr_line' id='line_1_11' title="bbox 69 1122 1113 1190; baseline 0.001 -2"><span class='ocrx_word' id='word_1_79' title='bbox 69 1123 288 1188; x_wconf 86' lang='lat' dir='ltr'>1⁰mulatione</span> <span class='ocrx_word' id='word_1_80' title='bbox 319 1126 353 1187; x_wconf 88' lang='lat' dir='ltr'>et</span> <span class='ocrx_word' id='word_1_81' title='bbox 384 1122 474 1187; x_wconf 91' lang='lat' dir='ltr'>inani</span> <span class='ocrx_word' id='word_1_82' title='bbox 501 1123 720 1187; x_wconf 87' lang='lat' dir='ltr'>ostentatione</span> <span class='ocrx_word' id='word_1_83' title='bbox 752 1126 785 1186; x_wconf 93' lang='lat' dir='ltr'>et</span> <span class='ocrx_word' id='word_1_84' title='bbox 815 1122 893 1189; x_wconf 87' lang='lat' dir='ltr'>ficto</span> <span class='ocrx_word' id='word_1_85' title='bbox 923 1145 991 1188; x_wconf 89' lang='lat' dir='ltr'>non</span> <span class='ocrx_word' id='word_1_86' title='bbox 1017 1123 1113 1190; x_wconf 90' lang='lat' dir='ltr'>modo</span> 
     </span>
     <span class='ocr_line' id='line_1_12' title="bbox 104 1209 1115 1295; baseline 0.003 -20"><span class='ocrx_word' id='word_1_87' title='bbox 104 1232 268 1294; x_wconf 88' lang='lat' dir='ltr'>sermone,</span> <span class='ocrx_word' id='word_1_88' title='bbox 295 1210 351 1276; x_wconf 86' lang='lat' dir='ltr'>sed</span> <span class='ocrx_word' id='word_1_89' title='bbox 379 1211 478 1276; x_wconf 87' lang='lat' dir='ltr'>etiam</span> <span class='ocrx_word' id='word_1_90' title='bbox 505 1211 597 1275; x_wconf 86' lang='lat' dir='ltr'>voltu</span> <span class='ocrx_word' id='word_1_91' title='bbox 628 1209 781 1276; x_wconf 87' lang='lat' dir='ltr'>stabilem</span> <span class='ocrx_word' id='word_1_92' title='bbox 809 1231 843 1275; x_wconf 91' lang='lat' dir='ltr'>se</span> <span class='ocrx_word' id='word_1_93' title='bbox 871 1211 1012 1295; x_wconf 84' lang='lat' dir='ltr'>gloriam</span> <span class='ocrx_word' id='word_1_94' title='bbox 1040 1233 1115 1278; x_wconf 90' lang='lat' dir='ltr'>con-</span> 
     </span>
     <span class='ocr_line' id='line_1_13' title="bbox 105 1297 1115 1384; baseline 0.001 -20"><span class='ocrx_word' id='word_1_95' title='bbox 105 1299 195 1382; x_wconf 82' lang='lat' dir='ltr'>sequi</span> <span class='ocrx_word' id='word_1_96' title='bbox 222 1320 321 1384; x_wconf 88' lang='lat' dir='ltr'>posse</span> <span class='ocrx_word' id='word_1_97' title='bbox 347 1302 473 1382; x_wconf 89' lang='lat' dir='ltr'>rentur,</span> <span class='ocrx_word' id='word_1_98' title='bbox 499 1299 708 1363; x_wconf 85' lang='lat' dir='ltr'>vehementer</span> <span class='ocrx_word' id='word_1_99' title='bbox 735 1302 853 1364; x_wconf 77' lang='lat' dir='ltr'>emant.</span> <span class='ocrx_word' id='word_1_100' title='bbox 897 1297 985 1364; x_wconf 86' lang='lat' dir='ltr'>Vera</span> <span class='ocrx_word' id='word_1_101' title='bbox 1008 1300 1115 1384; x_wconf 87' lang='lat' dir='ltr'>gloria</span> 
     </span>
     <span class='ocr_line' id='line_1_14' title="bbox 104 1386 1114 1472; baseline 0.002 -20"><span class='ocrx_word' id='word_1_102' title='bbox 104 1387 228 1452; x_wconf 82' lang='lat' dir='ltr'>radices</span> <span class='ocrx_word' id='word_1_103' title='bbox 257 1388 328 1472; x_wconf 85' lang='lat' dir='ltr'>agit</span> <span class='ocrx_word' id='word_1_104' title='bbox 354 1391 452 1472; x_wconf 86' lang='lat' dir='ltr'>atque</span> <span class='ocrx_word' id='word_1_105' title='bbox 480 1387 579 1452; x_wconf 88' lang='lat' dir='ltr'>etiam</span> <span class='ocrx_word' id='word_1_106' title='bbox 602 1389 813 1471; x_wconf 84' lang='lat' dir='ltr'>propagetur,</span> <span class='ocrx_word' id='word_1_107' title='bbox 835 1386 913 1452; x_wconf 87' lang='lat' dir='ltr'>ficta</span> <span class='ocrx_word' id='word_1_108' title='bbox 935 1389 1044 1452; x_wconf 88' lang='lat' dir='ltr'>omnia</span> <span class='ocrx_word' id='word_1_109' title='bbox 1067 1409 1114 1454; x_wconf 78' lang='lat' dir='ltr'>ce</span> 
     </span>
     <span class='ocr_line' id='line_1_15' title="bbox 105 1473 1115 1559; baseline 0.001 -19"><span class='ocrx_word' id='word_1_110' title='bbox 105 1474 215 1540; x_wconf 83' lang='lat' dir='ltr'>leniter</span> <span class='ocrx_word' id='word_1_111' title='bbox 238 1479 409 1558; x_wconf 88' lang='lat' dir='ltr'>tamquam</span> <span class='ocrx_word' id='word_1_112' title='bbox 428 1475 555 1541; x_wconf 89' lang='lat' dir='ltr'>flosculi</span> <span class='ocrx_word' id='word_1_113' title='bbox 578 1473 737 1556; x_wconf 86' lang='lat' dir='ltr'>decidunt,</span> <span class='ocrx_word' id='word_1_114' title='bbox 758 1496 818 1540; x_wconf 91' lang='lat' dir='ltr'>nec</span> <span class='ocrx_word' id='word_1_115' title='bbox 836 1475 1027 1540; x_wconf 88' lang='lat' dir='ltr'>simulatum</span> <span class='ocrx_word' id='word_1_116' title='bbox 1044 1479 1115 1559; x_wconf 88' lang='lat' dir='ltr'>pot·</span> 
     </span>
     <span class='ocr_line' id='line_1_16' title="bbox 71 1561 1115 1648; baseline 0 -20"><span class='ocrx_word' id='word_1_117' title='bbox 71 1568 154 1628; x_wconf 72' lang='lat' dir='ltr'>aar</span> <span class='ocrx_word' id='word_1_118' title='bbox 177 1563 353 1648; x_wconf 89' lang='lat' dir='ltr'>quicquam</span> <span class='ocrx_word' id='word_1_119' title='bbox 376 1584 446 1629; x_wconf 87' lang='lat' dir='ltr'>esse</span> <span class='ocrx_word' id='word_1_120' title='bbox 473 1563 669 1632; x_wconf 86' lang='lat' dir='ltr'>diuturnum.</span> <span class='ocrx_word' id='word_1_121' title='bbox 714 1561 828 1628; x_wconf 81' lang='lat' dir='ltr'>Testes</span> <span class='ocrx_word' id='word_1_122' title='bbox 856 1566 933 1628; x_wconf 90' lang='lat' dir='ltr'>sunt</span> <span class='ocrx_word' id='word_1_123' title='bbox 960 1563 1115 1647; x_wconf 85' lang='lat' dir='ltr'>permulti</span> 
     </span>
     <span class='ocr_line' id='line_1_17' title="bbox 103 1650 1114 1736; baseline 0.002 -20"><span class='ocrx_word' id='word_1_124' title='bbox 103 1652 138 1716; x_wconf 93' lang='lat' dir='ltr'>in</span> <span class='ocrx_word' id='word_1_125' title='bbox 159 1655 334 1736; x_wconf 91' lang='lat' dir='ltr'>utramque</span> <span class='ocrx_word' id='word_1_126' title='bbox 356 1656 497 1736; x_wconf 86' lang='lat' dir='ltr'>partem,</span> <span class='ocrx_word' id='word_1_127' title='bbox 516 1650 572 1716; x_wconf 89' lang='lat' dir='ltr'>sed</span> <span class='ocrx_word' id='word_1_128' title='bbox 589 1650 761 1716; x_wconf 82' lang='lat' dir='ltr'>brevitatis</span> <span class='ocrx_word' id='word_1_129' title='bbox 780 1673 879 1718; x_wconf 88' lang='lat' dir='ltr'>causa</span> <span class='ocrx_word' id='word_1_130' title='bbox 894 1651 1022 1722; x_wconf 84' lang='lat' dir='ltr'>familia</span> <span class='ocrx_word' id='word_1_131' title='bbox 1039 1673 1114 1718; x_wconf 89' lang='lat' dir='ltr'>con·</span> 
     </span>
     <span class='ocr_line' id='line_1_18' title="bbox 104 1737 1114 1806; baseline 0.002 -2"><span class='ocrx_word' id='word_1_132' title='bbox 104 1740 186 1804; x_wconf 89' lang='lat' dir='ltr'>tenti</span> <span class='ocrx_word' id='word_1_133' title='bbox 214 1740 336 1804; x_wconf 87' lang='lat' dir='ltr'>erimus</span> <span class='ocrx_word' id='word_1_134' title='bbox 363 1761 435 1805; x_wconf 89' lang='lat' dir='ltr'>una.</span> <span class='ocrx_word' id='word_1_135' title='bbox 485 1737 533 1804; x_wconf 80' lang='lat' dir='ltr'>Ti.</span> <span class='ocrx_word' id='word_1_136' title='bbox 557 1739 643 1804; x_wconf 89' lang='lat' dir='ltr'>enim</span> <span class='ocrx_word' id='word_1_137' title='bbox 666 1737 830 1806; x_wconf 84' lang='lat' dir='ltr'>Gracchus</span> <span class='ocrx_word' id='word_1_138' title='bbox 854 1739 889 1805; x_wconf 89' lang='lat' dir='ltr'>P.</span> <span class='ocrx_word' id='word_1_139' title='bbox 911 1739 935 1804; x_wconf 81' lang='lat' dir='ltr'>f.</span> <span class='ocrx_word' id='word_1_140' title='bbox 963 1743 1033 1805; x_wconf 86' lang='lat' dir='ltr'>tam</span> <span class='ocrx_word' id='word_1_141' title='bbox 1060 1739 1114 1806; x_wconf 86' lang='lat' dir='ltr'>diu</span> 
     </span>
     <span class='ocr_line' id='line_1_19' title="bbox 104 1825 1115 1911; baseline 0 -19"><span class='ocrx_word' id='word_1_142' title='bbox 104 1828 301 1910; x_wconf 82' lang='lat' dir='ltr'>laudabitur,</span> <span class='ocrx_word' id='word_1_143' title='bbox 319 1827 395 1892; x_wconf 86' lang='lat' dir='ltr'>dum</span> <span class='ocrx_word' id='word_1_144' title='bbox 414 1828 570 1894; x_wconf 89' lang='lat' dir='ltr'>memoria</span> <span class='ocrx_word' id='word_1_145' title='bbox 588 1839 697 1892; x_wconf 87' lang='lat' dir='ltr'>rerum</span> <span class='ocrx_word' id='word_1_146' title='bbox 714 1825 936 1894; x_wconf 84' lang='lat' dir='ltr'>Romanarum</span> <span class='ocrx_word' id='word_1_147' title='bbox 954 1828 1115 1911; x_wconf 82' lang='lat' dir='ltr'>manebit3</span> 
     </span>
     <span class='ocr_line' id='line_1_20' title="bbox 105 1914 1115 2002; baseline 0 -22"><span class='ocrx_word' id='word_1_148' title='bbox 105 1921 139 1980; x_wconf 88' lang='lat' dir='ltr'>at</span> <span class='ocrx_word' id='word_1_149' title='bbox 170 1917 242 1982; x_wconf 89' lang='lat' dir='ltr'>eius</span> <span class='ocrx_word' id='word_1_150' title='bbox 273 1915 335 1980; x_wconf 90' lang='lat' dir='ltr'>filii</span> <span class='ocrx_word' id='word_1_151' title='bbox 365 1937 425 2000; x_wconf 80' lang='lat' dir='ltr'>nco</span> <span class='ocrx_word' id='word_1_152' title='bbox 451 1916 519 1981; x_wconf 85' lang='lat' dir='ltr'>vivi</span> <span class='ocrx_word' id='word_1_153' title='bbox 544 1915 769 2002; x_wconf 83' lang='lat' dir='ltr'>probabantur</span> <span class='ocrx_word' id='word_1_154' title='bbox 800 1914 895 1979; x_wconf 91' lang='lat' dir='ltr'>bonis</span> <span class='ocrx_word' id='word_1_155' title='bbox 928 1919 962 1978; x_wconf 89' lang='lat' dir='ltr'>et</span> <span class='ocrx_word' id='word_1_156' title='bbox 990 1916 1115 1980; x_wconf 74' lang='lat' dir='ltr'>‘mortui</span> 
     </span>
     <span class='ocr_line' id='line_1_21' title="bbox 72 2000 1167 2089; baseline 0.002 -21"><span class='ocrx_word' id='word_1_157' title='bbox 72 2018 276 2070; x_wconf 60' lang='lat' dir='ltr'>”numerum</span> <span class='ocrx_word' id='word_1_158' title='bbox 300 2004 452 2089; x_wconf 86' lang='lat' dir='ltr'>optinent</span> <span class='ocrx_word' id='word_1_159' title='bbox 467 2004 537 2069; x_wconf 90' lang='lat' dir='ltr'>iure</span> <span class='ocrx_word' id='word_1_160' title='bbox 555 2023 731 2068; x_wconf 87' lang='lat' dir='ltr'>caesorum.</span> <span class='ocrx_word' id='word_1_161' title='bbox 769 2000 831 2077; x_wconf 83' lang='lat' dir='ltr'>Qui</span> <span class='ocrx_word' id='word_1_162' title='bbox 852 2001 956 2087; x_wconf 86' lang='lat' dir='ltr'>igitur</span> <span class='ocrx_word' id='word_1_163' title='bbox 979 2002 1114 2087; x_wconf 87' lang='lat' dir='ltr'>adipisci</span> <span class='ocrx_word' id='word_1_164' title='bbox 1127 2005 1167 2070; x_wconf 86' lang='lat'>13</span> 
     </span>
     <span class='ocr_line' id='line_1_22' title="bbox 104 2089 1114 2178; baseline -0.002 -20"><span class='ocrx_word' id='word_1_165' title='bbox 104 2115 215 2158; x_wconf 84' lang='lat' dir='ltr'>reram</span> <span class='ocrx_word' id='word_1_166' title='bbox 242 2091 383 2178; x_wconf 82' lang='lat' dir='ltr'>gloriam</span> <span class='ocrx_word' id='word_1_167' title='bbox 409 2092 511 2174; x_wconf 81' lang='lat' dir='ltr'>uolet,</span> <span class='ocrx_word' id='word_1_168' title='bbox 538 2091 683 2156; x_wconf 84' lang='lat' dir='ltr'>iustitiae</span> <span class='ocrx_word' id='word_1_169' title='bbox 710 2089 867 2176; x_wconf 82' lang='lat' dir='ltr'>fungatur</span> <span class='ocrx_word' id='word_1_170' title='bbox 894 2089 1019 2156; x_wconf 84' lang='lat' dir='ltr'>officiis.</span> <span class='ocrx_word' id='word_1_171' title='bbox 1064 2089 1114 2156; x_wconf 83' lang='lat' dir='ltr'>Ea</span> 
     </span>
     <span class='ocr_line' id='line_1_23' title="bbox 104 2179 913 2264; baseline -0.002 -18"><span class='ocrx_word' id='word_1_172' title='bbox 104 2203 186 2264; x_wconf 89' lang='lat' dir='ltr'>quae</span> <span class='ocrx_word' id='word_1_173' title='bbox 209 2185 333 2263; x_wconf 87' lang='lat' dir='ltr'>essent,</span> <span class='ocrx_word' id='word_1_174' title='bbox 357 2179 478 2246; x_wconf 89' lang='lat' dir='ltr'>dictum</span> <span class='ocrx_word' id='word_1_175' title='bbox 501 2179 609 2244; x_wconf 89' lang='lat' dir='ltr'>estin</span> <span class='ocrx_word' id='word_1_176' title='bbox 631 2179 715 2244; x_wconf 92' lang='lat' dir='ltr'>libro</span> <span class='ocrx_word' id='word_1_177' title='bbox 739 2179 913 2263; x_wconf 86' lang='lat' dir='ltr'>superiore.</span> 
     </span>
     <span class='ocr_line' id='line_1_24' title="bbox 190 2248 1166 2374; baseline 0 -40"><span class='ocrx_word' id='word_1_178' title='bbox 190 2265 256 2334; x_wconf 83' lang='lat' dir='ltr'>Sed</span> <span class='ocrx_word' id='word_1_179' title='bbox 279 2273 317 2334; x_wconf 88' lang='lat' dir='ltr'>ut</span> <span class='ocrx_word' id='word_1_180' title='bbox 337 2267 502 2352; x_wconf 89' lang='lat' dir='ltr'>facillime,</span> <span class='ocrx_word' id='word_1_181' title='bbox 526 2268 638 2351; x_wconf 89' lang='lat' dir='ltr'>quales</span> <span class='ocrx_word' id='word_1_182' title='bbox 662 2267 772 2350; x_wconf 87' lang='lat' dir='ltr'>simus,</span> <span class='ocrx_word' id='word_1_183' title='bbox 794 2268 878 2332; x_wconf 87' lang='lat' dir='ltr'>tales</span> <span class='ocrx_word' id='word_1_184' title='bbox 897 2287 968 2332; x_wconf 89' lang='lat' dir='ltr'>esse</span> <span class='ocrx_word' id='word_1_185' title='bbox 987 2248 1166 2374; x_wconf 54' lang='lat' dir='ltr'>videa-(1432)</span> 
     </span>
     <span class='ocr_line' id='line_1_25' title="bbox 103 2355 1113 2441; baseline -0.003 -19"><span class='ocrx_word' id='word_1_186' title='bbox 103 2379 184 2441; x_wconf 87' lang='lat' dir='ltr'>mur,</span> <span class='ocrx_word' id='word_1_187' title='bbox 207 2357 273 2422; x_wconf 90' lang='lat' dir='ltr'>etsi</span> <span class='ocrx_word' id='word_1_188' title='bbox 294 2357 329 2422; x_wconf 90' lang='lat' dir='ltr'>in</span> <span class='ocrx_word' id='word_1_189' title='bbox 351 2376 389 2422; x_wconf 87' lang='lat' dir='ltr'>eo</span> <span class='ocrx_word' id='word_1_190' title='bbox 412 2357 484 2441; x_wconf 88' lang='lat' dir='ltr'>ipso</span> <span class='ocrx_word' id='word_1_191' title='bbox 507 2355 556 2420; x_wconf 88' lang='lat' dir='ltr'>vis</span> <span class='ocrx_word' id='word_1_192' title='bbox 580 2355 722 2427; x_wconf 86' lang='lat' dir='ltr'>maxima</span> <span class='ocrx_word' id='word_1_193' title='bbox 743 2359 807 2437; x_wconf 89' lang='lat' dir='ltr'>est,</span> <span class='ocrx_word' id='word_1_194' title='bbox 829 2359 867 2420; x_wconf 89' lang='lat' dir='ltr'>ut</span> <span class='ocrx_word' id='word_1_195' title='bbox 885 2355 987 2420; x_wconf 84' lang='lat' dir='ltr'>simus</span> <span class='ocrx_word' id='word_1_196' title='bbox 1005 2355 1039 2438; x_wconf 92' lang='lat' dir='ltr'>ii,</span> <span class='ocrx_word' id='word_1_197' title='bbox 1057 2357 1113 2439; x_wconf 91' lang='lat' dir='ltr'>qui</span> 
     </span>
     <span class='ocr_line' id='line_1_26' title="bbox 68 2442 1115 2529; baseline -0.001 -19"><span class='ocrx_word' id='word_1_198' title='bbox 68 2445 219 2511; x_wconf 71' lang='lat' dir='ltr'>eteberi</span> <span class='ocrx_word' id='word_1_199' title='bbox 236 2444 392 2527; x_wconf 85' lang='lat' dir='ltr'>velimus,</span> <span class='ocrx_word' id='word_1_200' title='bbox 409 2448 520 2510; x_wconf 88' lang='lat' dir='ltr'>tamen</span> <span class='ocrx_word' id='word_1_201' title='bbox 538 2443 695 2527; x_wconf 87' lang='lat' dir='ltr'>quaedam</span> <span class='ocrx_word' id='word_1_202' title='bbox 713 2446 887 2529; x_wconf 86' lang='lat' dir='ltr'>praecepta</span> <span class='ocrx_word' id='word_1_203' title='bbox 905 2442 1011 2508; x_wconf 90' lang='lat' dir='ltr'>danda</span> <span class='ocrx_word' id='word_1_204' title='bbox 1029 2447 1115 2510; x_wconf 88' lang='lat' dir='ltr'>sunt.</span> 
     </span>
     <span class='ocr_line' id='line_1_27' title="bbox 103 2531 1115 2616; baseline -0.002 -18"><span class='ocrx_word' id='word_1_205' title='bbox 103 2532 188 2598; x_wconf 87' lang='lat' dir='ltr'>Nam</span> <span class='ocrx_word' id='word_1_206' title='bbox 212 2532 337 2616; x_wconf 88' lang='lat' dir='ltr'>siquis</span> <span class='ocrx_word' id='word_1_207' title='bbox 360 2532 402 2596; x_wconf 89' lang='lat' dir='ltr'>ab</span> <span class='ocrx_word' id='word_1_208' title='bbox 425 2533 556 2597; x_wconf 88' lang='lat' dir='ltr'>ineunte</span> <span class='ocrx_word' id='word_1_209' title='bbox 579 2535 687 2598; x_wconf 87' lang='lat' dir='ltr'>aetate</span> <span class='ocrx_word' id='word_1_210' title='bbox 708 2531 809 2596; x_wconf 87' lang='lat' dir='ltr'>habet</span> <span class='ocrx_word' id='word_1_211' title='bbox 827 2552 958 2596; x_wconf 82' lang='lat' dir='ltr'>causam</span> <span class='ocrx_word' id='word_1_212' title='bbox 981 2531 1115 2596; x_wconf 89' lang='lat' dir='ltr'>celebri-</span> 
     </span>
     <span class='ocr_line' id='line_1_28' title="bbox 103 2619 1114 2704; baseline -0.004 -18"><span class='ocrx_word' id='word_1_213' title='bbox 103 2622 183 2686; x_wconf 87' lang='lat' dir='ltr'>tatis</span> <span class='ocrx_word' id='word_1_214' title='bbox 206 2625 241 2686; x_wconf 87' lang='lat' dir='ltr'>et</span> <span class='ocrx_word' id='word_1_215' title='bbox 263 2620 405 2686; x_wconf 87' lang='lat' dir='ltr'>nominis</span> <span class='ocrx_word' id='word_1_216' title='bbox 429 2625 486 2686; x_wconf 87' lang='lat' dir='ltr'>aut</span> <span class='ocrx_word' id='word_1_217' title='bbox 509 2643 529 2684; x_wconf 87' lang='lat' dir='ltr'>a</span> <span class='ocrx_word' id='word_1_218' title='bbox 550 2623 644 2704; x_wconf 86' lang='lat' dir='ltr'>patre</span> <span class='ocrx_word' id='word_1_219' title='bbox 663 2624 842 2703; x_wconf 83' lang='lat' dir='ltr'>acceptam,</span> <span class='ocrx_word' id='word_1_220' title='bbox 866 2619 952 2702; x_wconf 87' lang='lat' dir='ltr'>quod</span> <span class='ocrx_word' id='word_1_221' title='bbox 974 2619 1045 2702; x_wconf 92' lang='lat' dir='ltr'>tibi,</span> <span class='ocrx_word' id='word_1_222' title='bbox 1069 2619 1114 2684; x_wconf 90' lang='lat' dir='ltr'>mi</span> 
     </span>
     <span class='ocr_line' id='line_1_29' title="bbox 104 2705 1114 2794; baseline 0 -20"><span class='ocrx_word' id='word_1_223' title='bbox 104 2707 231 2793; x_wconf 76' lang='lat' dir='ltr'>cicero,</span> <span class='ocrx_word' id='word_1_224' title='bbox 250 2709 393 2775; x_wconf 88' lang='lat' dir='ltr'>arbitror</span> <span class='ocrx_word' id='word_1_225' title='bbox 416 2708 607 2794; x_wconf 87' lang='lat' dir='ltr'>contigisse,</span> <span class='ocrx_word' id='word_1_226' title='bbox 626 2712 682 2772; x_wconf 90' lang='lat' dir='ltr'>aut</span> <span class='ocrx_word' id='word_1_227' title='bbox 705 2707 815 2791; x_wconf 90' lang='lat' dir='ltr'>aliquo</span> <span class='ocrx_word' id='word_1_228' title='bbox 834 2727 913 2770; x_wconf 90' lang='lat' dir='ltr'>casu</span> <span class='ocrx_word' id='word_1_229' title='bbox 931 2709 1029 2789; x_wconf 87' lang='lat' dir='ltr'>atque</span> <span class='ocrx_word' id='word_1_230' title='bbox 1046 2705 1114 2774; x_wconf 78' lang='lat' dir='ltr'>fot-</span> 
     </span>
     <span class='ocr_line' id='line_1_30' title="bbox 104 2793 1115 2882; baseline -0.002 -20"><span class='ocrx_word' id='word_1_231' title='bbox 104 2801 195 2882; x_wconf 90' lang='lat' dir='ltr'>tnna,</span> <span class='ocrx_word' id='word_1_232' title='bbox 227 2797 264 2862; x_wconf 94' lang='lat' dir='ltr'>in</span> <span class='ocrx_word' id='word_1_233' title='bbox 299 2797 385 2863; x_wconf 88' lang='lat' dir='ltr'>hune</span> <span class='ocrx_word' id='word_1_234' title='bbox 417 2797 502 2863; x_wconf 86' lang='lat' dir='ltr'>oculi</span> <span class='ocrx_word' id='word_1_235' title='bbox 539 2796 685 2862; x_wconf 89' lang='lat' dir='ltr'>omnium</span> <span class='ocrx_word' id='word_1_236' title='bbox 717 2794 919 2861; x_wconf 86' lang='lat' dir='ltr'>coniciuntur</span> <span class='ocrx_word' id='word_1_237' title='bbox 950 2796 1048 2876; x_wconf 88' lang='lat' dir='ltr'>atque</span> <span class='ocrx_word' id='word_1_238' title='bbox 1079 2793 1115 2860; x_wconf 90' lang='lat' dir='ltr'>in</span> 
     </span>
     <span class='ocr_line' id='line_1_31' title="bbox 72 2881 1114 2970; baseline -0.004 -20"><span class='ocrx_word' id='word_1_239' title='bbox 72 2899 188 2970; x_wconf 60' lang='lat' dir='ltr'>meum,</span> <span class='ocrx_word' id='word_1_240' title='bbox 214 2885 292 2969; x_wconf 86' lang='lat' dir='ltr'>quid</span> <span class='ocrx_word' id='word_1_241' title='bbox 314 2888 407 2970; x_wconf 86' lang='lat' dir='ltr'>agat,</span> <span class='ocrx_word' id='word_1_242' title='bbox 430 2906 526 2968; x_wconf 87' lang='lat' dir='ltr'>quem</span> <span class='ocrx_word' id='word_1_243' title='bbox 545 2882 736 2951; x_wconf 87' lang='lat' dir='ltr'>admodum</span> <span class='ocrx_word' id='word_1_244' title='bbox 755 2883 854 2964; x_wconf 88' lang='lat' dir='ltr'>vivat,</span> <span class='ocrx_word' id='word_1_245' title='bbox 873 2881 1049 2965; x_wconf 90' lang='lat' dir='ltr'>inquiritur</span> <span class='ocrx_word' id='word_1_246' title='bbox 1072 2885 1114 2966; x_wconf 91' lang='lat' dir='ltr'>et,</span> 
     </span>
     <span class='ocr_line' id='line_1_32' title="bbox 104 2969 1113 3058; baseline -0.003 -20"><span class='ocrx_word' id='word_1_247' title='bbox 104 2977 273 3058; x_wconf 87' lang='lat' dir='ltr'>tamquam</span> <span class='ocrx_word' id='word_1_248' title='bbox 300 2973 334 3036; x_wconf 93' lang='lat' dir='ltr'>in</span> <span class='ocrx_word' id='word_1_249' title='bbox 357 2973 540 3039; x_wconf 88' lang='lat' dir='ltr'>clarissima</span> <span class='ocrx_word' id='word_1_250' title='bbox 562 2973 633 3038; x_wconf 87' lang='lat' dir='ltr'>luce</span> <span class='ocrx_word' id='word_1_251' title='bbox 656 2975 815 3054; x_wconf 86' lang='lat' dir='ltr'>versetur,</span> <span class='ocrx_word' id='word_1_252' title='bbox 837 2971 886 3035; x_wconf 90' lang='lat' dir='ltr'>ita</span> <span class='ocrx_word' id='word_1_253' title='bbox 908 2969 1035 3036; x_wconf 90' lang='lat' dir='ltr'>nullum</span> <span class='ocrx_word' id='word_1_254' title='bbox 1057 2969 1113 3036; x_wconf 92' lang='lat' dir='ltr'>ob·</span> 
     </span>
     <span class='ocr_line' id='line_1_33' title="bbox 104 3055 1165 3146; baseline -0.003 -21"><span class='ocrx_word' id='word_1_255' title='bbox 104 3083 233 3128; x_wconf 82' lang='lat' dir='ltr'>scarum</span> <span class='ocrx_word' id='word_1_256' title='bbox 255 3065 366 3146; x_wconf 85' lang='lat' dir='ltr'>potest</span> <span class='ocrx_word' id='word_1_257' title='bbox 387 3060 587 3128; x_wconf 75' lang='lat' dir='ltr'>nondictum</span> <span class='ocrx_word' id='word_1_258' title='bbox 606 3060 674 3126; x_wconf 89' lang='lat' dir='ltr'>eius</span> <span class='ocrx_word' id='word_1_259' title='bbox 698 3081 768 3124; x_wconf 88' lang='lat' dir='ltr'>esse</span> <span class='ocrx_word' id='word_1_260' title='bbox 786 3058 994 3138; x_wconf 78' lang='lat' dir='ltr'>necfactum.</span> <span class='ocrx_word' id='word_1_261' title='bbox 1027 3055 1112 3132; x_wconf 85' lang='lat' dir='ltr'>Quo·</span> <span class='ocrx_word' id='word_1_262' title='bbox 1131 3071 1165 3122; x_wconf 82' lang='lat'>45</span> 
     </span>
     <span class='ocr_line' id='line_1_34' title="bbox 102 3145 1112 3232; baseline -0.006 -16"><span class='ocrx_word' id='word_1_263' title='bbox 102 3169 173 3216; x_wconf 85' lang='lat' dir='ltr'>rum</span> <span class='ocrx_word' id='word_1_264' title='bbox 202 3153 314 3214; x_wconf 88' lang='lat' dir='ltr'>autem</span> <span class='ocrx_word' id='word_1_265' title='bbox 342 3149 448 3232; x_wconf 86' lang='lat' dir='ltr'>prima</span> <span class='ocrx_word' id='word_1_266' title='bbox 476 3152 565 3214; x_wconf 81' lang='lat' dir='ltr'>aetas</span> <span class='ocrx_word' id='word_1_267' title='bbox 593 3151 728 3232; x_wconf 86' lang='lat' dir='ltr'>propter</span> <span class='ocrx_word' id='word_1_268' title='bbox 751 3146 976 3215; x_wconf 41' lang='lat' dir='ltr'>,humilitatem</span> <span class='ocrx_word' id='word_1_269' title='bbox 999 3149 1032 3210; x_wconf 91' lang='lat' dir='ltr'>et</span> <span class='ocrx_word' id='word_1_270' title='bbox 1055 3145 1112 3211; x_wconf 91' lang='lat' dir='ltr'>ob-</span> 
     </span>
     <span class='ocr_line' id='line_1_35' title="bbox 104 3232 1113 3322; baseline -0.007 -17"><span class='ocrx_word' id='word_1_271' title='bbox 104 3238 293 3305; x_wconf 80' lang='lat' dir='ltr'>scuritatem</span> <span class='ocrx_word' id='word_1_272' title='bbox 316 3237 350 3303; x_wconf 85' lang='lat' dir='ltr'>in</span> <span class='ocrx_word' id='word_1_273' title='bbox 371 3236 541 3302; x_wconf 84' lang='lat' dir='ltr'>hominum</span> <span class='ocrx_word' id='word_1_274' title='bbox 558 3235 764 3322; x_wconf 82' lang='lat' dir='ltr'>ignoratione</span> <span class='ocrx_word' id='word_1_275' title='bbox 782 3236 940 3316; x_wconf 83' lang='lat' dir='ltr'>versatur,</span> <span class='ocrx_word' id='word_1_276' title='bbox 958 3233 996 3316; x_wconf 89' lang='lat' dir='ltr'>ii,</span> <span class='ocrx_word' id='word_1_277' title='bbox 1014 3232 1113 3299; x_wconf 92' lang='lat' dir='ltr'>simul</span> 
     </span>
     <span class='ocr_line' id='line_1_36' title="bbox 71 3321 1113 3409; baseline -0.006 -17"><span class='ocrx_word' id='word_1_278' title='bbox 71 3338 138 3392; x_wconf 55' lang='lat' dir='ltr'>&amp;ac</span> <span class='ocrx_word' id='word_1_279' title='bbox 163 3327 299 3393; x_wconf 83' lang='lat' dir='ltr'>iuvenes</span> <span class='ocrx_word' id='word_1_280' title='bbox 327 3345 397 3390; x_wconf 84' lang='lat' dir='ltr'>esee</span> <span class='ocrx_word' id='word_1_281' title='bbox 424 3328 613 3409; x_wconf 87' lang='lat' dir='ltr'>coeperunt,</span> <span class='ocrx_word' id='word_1_282' title='bbox 636 3343 757 3408; x_wconf 84' lang='lat' dir='ltr'>magna</span> <span class='ocrx_word' id='word_1_283' title='bbox 784 3326 931 3406; x_wconf 88' lang='lat' dir='ltr'>spectare</span> <span class='ocrx_word' id='word_1_284' title='bbox 953 3324 988 3386; x_wconf 87' lang='lat' dir='ltr'>et</span> <span class='ocrx_word' id='word_1_285' title='bbox 1011 3321 1052 3386; x_wconf 89' lang='lat' dir='ltr'>ad</span> <span class='ocrx_word' id='word_1_286' title='bbox 1075 3343 1113 3387; x_wconf 84' lang='lat' dir='ltr'>ea</span> 
     </span>
     <span class='ocr_line' id='line_1_37' title="bbox 103 3408 1238 3494; baseline -0.004 -18"><span class='ocrx_word' id='word_1_287' title='bbox 103 3413 198 3480; x_wconf 88' lang='lat' dir='ltr'>rectis</span> <span class='ocrx_word' id='word_1_288' title='bbox 231 3413 349 3480; x_wconf 83' lang='lat' dir='ltr'>studiis</span> <span class='ocrx_word' id='word_1_289' title='bbox 387 3413 505 3478; x_wconf 85' lang='lat' dir='ltr'>debent</span> <span class='ocrx_word' id='word_1_290' title='bbox 537 3411 741 3494; x_wconf 86' lang='lat' dir='ltr'>contendere;</span> <span class='ocrx_word' id='word_1_291' title='bbox 776 3409 862 3494; x_wconf 91' lang='lat' dir='ltr'>quod</span> <span class='ocrx_word' id='word_1_292' title='bbox 898 3431 936 3474; x_wconf 90' lang='lat' dir='ltr'>eo</span> <span class='ocrx_word' id='word_1_293' title='bbox 969 3408 1112 3474; x_wconf 88' lang='lat' dir='ltr'>firmiore</span> <span class='ocrx_word' id='word_1_294' title='bbox 1237 3467 1238 3480; x_wconf 68' lang='grc'>,</span> 
     </span>
     <span class='ocr_line' id='line_1_38' title="bbox 104 3487 1238 3585; baseline -0.01 -19"><span class='ocrx_word' id='word_1_295' title='bbox 104 3503 209 3570; x_wconf 85' lang='lat' dir='ltr'>animo</span> <span class='ocrx_word' id='word_1_296' title='bbox 232 3501 368 3585; x_wconf 86' lang='lat' dir='ltr'>facient,</span> <span class='ocrx_word' id='word_1_297' title='bbox 396 3501 473 3585; x_wconf 85' lang='lat' dir='ltr'>quia</span> <span class='ocrx_word' id='word_1_298' title='bbox 499 3521 566 3567; x_wconf 86' lang='lat' dir='ltr'>non</span> <span class='ocrx_word' id='word_1_299' title='bbox 588 3499 684 3564; x_wconf 85' lang='lat' dir='ltr'>modo</span> <span class='ocrx_word' id='word_1_300' title='bbox 712 3519 778 3562; x_wconf 90' lang='lat' dir='ltr'>non</span> <span class='ocrx_word' id='word_1_301' title='bbox 800 3497 962 3562; x_wconf 87' lang='lat' dir='ltr'>invidetur</span> <span class='ocrx_word' id='word_1_302' title='bbox 985 3496 1036 3558; x_wconf 86' lang='lat' dir='ltr'>illi</span> <span class='ocrx_word' id='word_1_303' title='bbox 1059 3515 1112 3558; x_wconf 85' lang='lat' dir='ltr'>ae-</span> <span class='ocrx_word' id='word_1_304' title='bbox 1237 3487 1238 3526; x_wconf 66' lang='lat'><strong>³</strong></span> 
     </span>
    </p>
   </div>
   <div class='ocr_carea' id='block_1_3' title="bbox 0 0 1256 3950">
    <p class='ocr_par' dir='ltr' id='par_1_3' title="bbox 0 0 1256 3950">
     <span class='ocr_line' id='line_1_39' title="bbox 0 0 1256 3950; baseline 0 0"><span class='ocrx_word' id='word_1_305' title='bbox 0 0 1256 3950; x_wconf 95' lang='lat' dir='ltr'> </span> 
     </span>
    </p>
   </div>
  </div>
 </body>
</html>
