2512 3932
351 129 419 186 LIB.
438 131 459 184 Ι.
492 129 568 185 CAP.
589 136 702 188 18-20.
739 137 754 196 ἓ
773 137 886 188 60-66.
1076 129 1122 196 23

115 293 157 358 ad
179 291 412 376 periculum,
435 291 468 356 si
491 313 559 357 sua
580 291 811 378 cupiditate,
837 313 913 358 non
939 291 1121 357 utilitate

114 381 306 446 communi
337 379 561 465 inpellitur,
596 379 780 445 audaciae
815 381 949 465 potius
985 401 1122 446 nomen

113 468 256 534 habeat
279 489 392 552 quam
414 467 686 533 fortitudinis?
718 467 833 551 ltaque
852 468 940 534 viros
961 468 1065 534 fortes
1088 472 1122 534 et

113 556 341 642 magnanimos
361 555 491 622 eosdem
509 557 613 622 bonos
632 559 665 620 et
685 555 862 640 simplices,
875 557 1024 622 veritatis
1043 557 1120 622 ami·

91 663 166 710 teos
188 644 388 728 minimeque
413 643 548 709 fallaces
576 663 647 708 csse
674 644 838 726 uolumus3
870 665 952 728 quae
980 649 1057 711 sunt
1083 664 1122 709 ex

113 733 218 798 media
246 732 342 797 laude
370 732 523 798 iustitiae.
569 729 631 796 Sed
658 731 740 798 illud
767 731 915 798 odiosum
938 736 1003 815 est,
1035 732 1122 816 quod
1140 748 1175 797 64

113 821 145 886 in
166 821 231 886 hac
256 821 398 886 elatione
421 824 453 884 et
476 819 700 905 magnitudine
723 820 824 885 animi
845 820 1001 886 facillime
1023 821 1121 906 perti·

113 909 205 974 nucia
234 911 270 972 et
296 908 397 972 nimia
424 908 584 992 cupiditas
613 907 814 993 principatus
842 908 1030 974 innascitur.
1074 906 1122 974 Ut

113 997 198 1062 enim
221 995 311 1081 apud
327 995 499 1061 Platonem
522 1001 585 1078 est,
608 1018 752 1062 omnem
775 995 1121 1065 moremLacedae-

79 1084 328 1150 omonimum
359 1083 645 1150 inflammatum
677 1106 759 1150 esse
791 1085 1009 1170 cupiditate
1040 1087 1121 1152 vin-

113 1172 237 1255 cendi,
270 1172 330 1256 sie,
361 1177 399 1238 ut
426 1173 561 1256 quisque
589 1172 690 1238 animi
716 1172 939 1259 magnitudine
972 1195 1121 1239 muume

114 1260 265 1343 excellet,
283 1260 332 1326 ita
349 1281 499 1326 maxume
522 1260 594 1326 uult
610 1261 760 1346 princeps
779 1261 924 1326 omnium
941 1263 993 1326 vel
1012 1262 1121 1346 potius

114 1350 201 1414 solus
226 1369 308 1414 esse.
352 1348 493 1414 Difficile
517 1352 626 1414 autem
650 1353 713 1431 est,
735 1369 809 1414 cum
831 1352 998 1432 praestare
1021 1349 1122 1414 omni·

114 1437 172 1503 bus
195 1436 411 1523 concupieris,
429 1459 558 1502 servare
577 1437 788 1521 aequitatem,
807 1458 889 1520 quae
908 1440 958 1501 est
976 1436 1120 1501 iustitiae

78 1543 102 1582 1⁵
113 1547 264 1591 maxume
286 1525 427 1610 propria.
467 1523 517 1590 Ex
540 1546 604 1608 quo
626 1525 678 1608 fit,
699 1528 737 1589 ut
759 1545 863 1608 neque
886 1523 1120 1610 disceptatione

112 1615 198 1678 uinci
227 1635 262 1678 se
290 1635 348 1680 nec
376 1614 443 1678 ullo
467 1613 597 1698 publico
621 1635 658 1678 ac
681 1613 830 1698 legitimo
852 1613 922 1678 iure
944 1613 1121 1697 patiantur,

113 1702 321 1785 existuntque
357 1701 391 1766 in
422 1723 458 1766 re
489 1700 620 1786 publica
651 1701 841 1785 plerumque
877 1702 1051 1787 largitores
1089 1704 1122 1765 et

112 1789 257 1872 factiosi,
280 1793 317 1854 ut
340 1810 417 1874 opes
441 1809 539 1872 quam
557 1810 725 1854 maxumas
744 1795 982 1872 consequantur
1005 1793 1038 1855 et
1057 1791 1122 1854 sint

113 1879 146 1943 vi
175 1878 287 1962 potius
317 1877 498 1961 superiores
530 1898 628 1960 quam
657 1877 783 1941 iustitia
812 1897 916 1960 pares.
968 1875 1031 1941 Sed
1058 1898 1122 1960 quo

76 1982 102 2022 ω
115 1964 294 2047 difficilius,
316 1964 378 2030 hoc
400 1965 612 2050 praeclarium
642 1965 770 2029 nullum
798 1964 884 2028 enim
911 1967 962 2028 est
984 1967 1122 2048 tempus,

114 2053 201 2138 quod
223 2053 352 2118 iustitia
373 2074 489 2118 vacare
512 2052 636 2118 debeat.
671 2051 786 2118 Fortes
809 2051 912 2138 igitur
934 2056 967 2117 et
990 2072 1121 2137 magna·
1140 2066 1174 2116 ot

112 2142 195 2206 nirni
217 2145 296 2206 sunt
322 2141 476 2224 habendi,
503 2162 569 2205 non
592 2140 648 2224 qui
669 2139 806 2223 faciunt,
835 2140 890 2205 sed
902 2141 969 2224 qui
991 2137 1123 2225 propul-

114 2234 189 2294 sant
211 2229 374 2294 iniuriam.
418 2227 506 2293 Vera
528 2232 637 2294 autem
666 2232 700 2292 et
722 2229 851 2313 sapiens
875 2229 975 2294 animi
998 2228 1123 2314 magni·

115 2318 196 2383 tudo
219 2316 394 2382 honestum
416 2317 511 2400 illud,
540 2316 626 2400 quod
652 2338 801 2403 maxume
827 2320 945 2382 natura
968 2317 1123 2400 sequitur,

76 2406 150 2472 sin
172 2405 271 2471 fectis
293 2405 451 2490 positum,
473 2425 539 2470 non
561 2406 595 2468 in
619 2404 725 2489 gloria
742 2404 863 2470 iudicat
881 2405 1122 2490 principemque

114 2515 149 2559 se
177 2515 249 2558 esse
276 2493 402 2560 mavult
437 2515 535 2576 quam
561 2492 677 2575 uideri3
708 2493 829 2558 etenim
860 2493 916 2577 qui
948 2515 987 2558 ex
1015 2513 1123 2557 errore

112 2581 285 2668 imperitae
319 2581 537 2655 multitudinis
568 2580 699 2666 pendet,
736 2581 788 2645 hic
818 2580 854 2645 in
885 2581 1013 2666 magnis
1044 2579 1122 2645 viris

111 2691 181 2736 non
207 2673 260 2735 est
284 2669 461 2736 habendus.
510 2667 678 2735 Facillime
706 2672 814 2732 autem
838 2667 879 2732 ad
905 2689 958 2732 res
984 2667 1122 2732 iniustas

112 2757 294 2842 inpellitur,
325 2762 363 2823 ut
398 2758 533 2842 quisque
565 2756 727 2822 altissimo
761 2755 870 2819 animo
903 2758 966 2836 est,
999 2755 1123 2839 gloriae

75 2862 100 2902 ³⁰
113 2846 308 2930 eupiditate3
350 2847 405 2930 qui
440 2847 530 2911 locus
566 2849 616 2910 est
648 2865 725 2909 sane
757 2842 915 2926 lubricus,
948 2842 1035 2927 quod
1069 2842 1124 2906 vix

111 2934 292 3019 invenitur,
324 2935 380 3018 qui
411 2933 579 2999 laboribus
611 2931 769 3016 susceptis
805 2929 1022 3015 periculisque
1058 2929 1124 2997 adi-

112 3022 159 3086 tis
189 3043 256 3088 non
288 3023 382 3106 quasi
413 3021 593 3088 mercedem
624 3023 931 3105 rerumgestarum
964 3017 1123 3084 desideret

113 3109 324 3264 8101Ἑῖιιιᾚὶηο
350 3197 448 3264 fortis
477 3198 604 3264 animus
636 3202 670 3261 et
702 3217 840 3283 magnus
873 3194 997 3261 duabus
1027 3194 1123 3260 rebus
1135 3173 1175 3299 262

76 3301 100 3343 ³⁵
113 3286 255 3351 maxime
281 3287 433 3367 cernitur,
460 3307 596 3370 quarum
623 3305 688 3350 una
720 3287 755 3350 in
781 3306 889 3350 rerum
918 3287 1124 3349 externarum

115 3374 328 3458 despicientia
349 3375 496 3460 ponitur,
523 3395 596 3439 eum
618 3393 810 3458 persuasum
838 3376 888 3438 est
917 3371 1000 3436 nihil
1023 3370 1124 3435 horni-

113 3483 203 3548 nem‚
224 3462 290 3528 nisi
313 3463 399 3548 quod
420 3462 594 3529 honestum
618 3460 831 3546 decorumque
859 3461 918 3543 sit,
945 3461 1002 3524 aut
1025 3456 1113 3520 admi
