2578 3950
194 174 256 239 176
490 173 643 228 annulus
661 173 711 227 DE
729 172 896 229 AMICITIA

192 358 291 403 cause
311 334 509 422 peceavcris3
535 357 612 400 nam
635 354 708 400 curn
732 335 1112 402 conciliatrix-amicitiae
1134 335 1193 401 vir·

191 426 274 490 tutis
298 425 408 510 opinio
425 424 533 507 faerit,
556 423 687 489 difficile
705 427 758 488 est
774 423 1109 501 amicitiememmere
1131 424 1157 488 si
1168 447 1193 488 c

140 530 174 581 ³0
192 515 314 580 virtute
332 511 495 578 defeceris.
531 510 654 586 Quodsi
673 515 797 577 rectum
821 511 1031 577 statuerimus
1054 513 1105 577 vel
1127 531 1193 578 eon·

192 602 305 668 cedere
327 601 452 685 amieis,
479 600 642 685 quidquid·
660 595 777 678 uelint,
803 601 856 665 vel
883 600 1048 685 inpetrare
1085 600 1194 683 abiis,

193 689 349 775 quidquid
370 690 518 773 velimus,
540 688 685 773 perfecte
708 689 837 772 quidem
860 689 1028 774 supientiav
1045 689 1194 771 sinimus,
1218 708 1228 748 ι

192 779 276 843 nihil
298 777 420 844 hubent
442 799 494 844 res
516 777 603 862 vitii3
627 777 683 842 scd
703 777 868 861 loquimur
886 778 926 842 de
943 777 986 842 iis
1003 777 1123 860 amicis,
1145 777 1196 861 qui

194 871 269 932 unte
288 867 401 932 oculos
420 870 504 950 sunt,
524 885 606 950 quos
622 865 770 930 vidimus·
781 867 838 930 cut
857 865 895 930 de
915 865 1034 949 quibus
1047 866 1196 930 memoria

193 955 384 1038 accepimus,
403 975 484 1037 quos
500 953 594 1018 norit
612 953 683 1018 rita
698 953 887 1020 communis.
924 953 976 1018 Ex
990 954 1053 1019 hoo
1068 975 1196 1019 numero

192 1041 287 1107 nobis
302 1042 451 1126 exempla
465 1041 720 1121 sumendacunt,
738 1046 897 1107 eteorum
911 1041 1041 1125 quidem
1056 1042 1197 1124 maxime,

140 1146 173 1196 39
193 1130 249 1215 qui
267 1130 308 1204 ad
326 1129 520 1216 sapientiam
533 1151 689 1215 proxume
709 1129 872 1195 accedunt.
902 1129 1061 1196 Videmus
1077 1129 1198 1216 Pupam
1210 1151 1231 1189 ιι

193 1218 370 1282 Aemilium
396 1217 537 1284 Luscino
562 1217 758 1284 familiarem
789 1217 890 1282 nisse
917 1217 979 1302 (sic
1006 1240 1027 1283 a
1053 1219 1197 1304 putribus

193 1303 400 1394 accepimus),
417 1307 470 1372 bis
487 1329 552 1372 une
570 1307 727 1390 consules,
745 1306 889 1392 collegas
907 1305 942 1370 in
960 1327 1110 1392 censura3
1132 1311 1197 1371 tum

193 1399 227 1460 ot
249 1417 323 1461 cum
344 1395 385 1459 iis
409 1399 442 1460 et
464 1395 550 1460 inter
573 1415 609 1459 se
636 1393 915 1460 coniunctissimos
942 1393 1045 1460 fuisse
1067 1393 1120 1460 Μ’.
1143 1394 1199 1461 Οι-

193 1483 287 1568 rium,
310 1482 357 1547 Ti.
372 1481 610 1548 Oorunccnium
628 1482 804 1548 memoriae
820 1482 987 1567 proditum
999 1487 1060 1548 est.
1097 1482 1200 1570 Igitur

192 1593 234 1636 no
261 1570 419 1654 suspicari
445 1570 574 1653 quidem
600 1591 774 1653 possumus
802 1591 997 1655 quemquam
1018 1571 1138 1636 horum
1160 1572 1198 1635 ab
1211 1587 1232 1628 ιι

192 1656 710 1811 iiiiiiiuiimeoiffifflfflie'
728 1659 1200 1812 Iti-titi.i⁶⁰i³¹⁰⁰¹it

193 1833 322 1917 quidem
344 1794 523 1900 intralibus
546 1833 626 1899 viris
649 1769 727 1919 quii
747 1771 872 1900 odltinct
890 1798 1004 1919 dicere,
1025 1770 1201 1902 siaolrlrlnten·

193 1923 307 2006 disset,
328 1923 580 2008 impetraturum
601 1944 668 1988 non
689 1922 907 1988 fuisseicum
929 1921 981 1987 illi
1005 1923 1200 1990 sanctissimi

192 2011 255 2075 viri
286 2011 419 2094 fuerint,
452 2033 552 2096 aeque
585 2013 694 2076 autem
725 2011 817 2076 nefas
849 2011 894 2075 sit
923 2011 990 2076 tole
1017 2013 1144 2097 aliquid
1168 2015 1231 2077 etn

192 2097 298 2163 fucere
330 2102 482 2182 rogatum
512 2102 545 2162 et
572 2119 610 2164 ro
635 2121 697 2164 cre.
742 2099 789 2164 At
816 2119 893 2164 roro
920 2098 991 2164 Tib.
1019 2097 1200 2166 Gracchum
1254 2107 1255 2134 ³

193 2185 411 2267 sequebantur
424 2184 459 2250 O.
474 2183 591 2270 carbo,
611 2119 648 2251 Ξ).
665 2185 757 2271 Octo,
780 2191 813 2253 et
831 2187 962 2252 minime
980 2191 1054 2254 tum
1072 2187 1200 2274 quidem
1254 2147 1255 2213 ¹

192 2270 226 2337 Ο.
249 2271 351 2335 frater
377 2293 462 2338 nuno
484 2273 570 2338 idem
592 2275 777 2340 acerrimus.

257 2357 347 2424 Haec
374 2359 476 2445 igitur
502 2361 556 2425 lex
581 2361 617 2428 in
644 2363 787 2429 amicitia
819 2364 995 2446 sanciatur,
1026 2368 1074 2430 ut·
1098 2385 1200 2450 neque
1253 2379 1254 2384 ’

191 2424 1254 2608 {usurumfndu

189 2623 346 2709 peccatis,
372 2625 499 2692 tumui
526 2627 599 2711 quis
626 2631 741 2693 contra
767 2563 836 2694 {em
858 2629 1022 2715 publicam
1045 2649 1082 2695 sc
1107 2629 1201 2696 amici
1252 2653 1253 2737 ι

190 2733 288 2778 causa
304 2712 420 2780 fecisse
440 2714 592 2781 fateatur.
623 2714 754 2781 Etenim
773 2737 811 2782 eo
830 2718 911 2801 loco,
933 2715 1092 2783 Fenni'et
1108 2716 1201 2785 Scae

189 2801 278 2884 volu,
307 2802 407 2868 locuti
429 2823 554 2888 sumus,
580 2807 618 2868 ut
639 2825 700 2869 nos
722 2805 820 2890 longe
841 2805 1028 2890 prospicere
1050 2810 1201 2890 oportent
1251 2877 1252 2894 χ

138 2414 173 2464 40

189 2886 317 2954 futuros
341 2911 434 2956 cesus
457 2891 504 2956 rei
531 2892 688 2976 publicae.
734 2889 875 2958 Deflexit
901 2893 967 2959 inm
995 2893 1252 2999 eliquantumur

136 2975 229 3040 41de
266 2977 373 3061 spatio
410 2979 633 3064 curriculoque
669 2982 866 3048 consuetudo
902 2982 1072 3048 maiorum.
1132 2983 1201 3048 Tib.

190 3062 354 3129 Gracchus
377 3087 514 3152 regnum
537 3089 694 3154 occupare
717 3073 853 3135 conatus
867 3072 939 3153 cst,
968 3071 1022 3136 rel
1049 3073 1202 3159 regnavit
1250 3113 1251 3126 ι

188 3151 217 3214 is
241 3152 370 3235 quidem
392 3175 513 3239 paucos
535 3177 671 3222 menses.
716 3156 803 3222 Num
828 3155 1201 3248 quidsimilcpopulus

189 3236 355 3306 Romanus
374 3242 520 3307 audierat
538 3249 595 3310 aut
612 3243 760 3312 uiderat?
792 3245 888 3313 Hunc
905 3246 1005 3313 etiam
1023 3253 1102 3333 post
1118 3269 1201 3314 mor·

188 3327 255 3390 tcm
278 3329 381 3392 secuti
399 3330 495 3396 amici
512 3335 546 3396 et
563 3334 738 3418 propinqui
759 3335 837 3419 quid
854 3336 889 3400 in
905 3334 942 3401 P.
956 3333 1110 3420 Scipione
1129 3338 1232 3403 effe³⁵
1249 3351 1250 3370 .

188 3412 304 3496 corint,
333 3415 403 3480 sine
430 3418 572 3484 lacrimis
599 3442 665 3487 non
693 3443 775 3506 queo
804 3423 917 3490 dicere.
963 3421 1050 3490 Num
1078 3423 1199 3491 Carbo·

187 3521 275 3586 nem,
307 3522 506 3588 quocumque
533 3509 629 3575 modo
661 3511 840 3597 potuimus,
872 3516 1007 3598 propter
1034 3519 1199 3580 recentem
