2570 3944
161 198 228 266 294
554 195 780 252 6666666666

418 373 466 428 ΑΙ)
486 371 641 429 EUNDEM
659 371 769 427 EPIST.
788 372 909 428 121ss.st

227 485 257 554 7
280 485 363 552 Non.
381 504 414 568 p
437 487 552 550 3216
575 480 791 549 ‘nonomine'
814 484 1034 566 moprietztem
1060 503 1081 546 a
1107 503 1171 550 mo

160 575 259 640 nendo
290 574 338 640 M.
372 572 494 638 Tullius
525 571 755 656 exprimendam
779 573 906 654 putauit
934 573 977 636 ad
1008 569 1171 638 0666666666
1267 639 1268 646 ,

160 662 291 764 epicteto
319 661 369 728 lu.
392 661 450 726 11:
478 657 541 724 Sed
563 681 638 748 ego,
666 681 747 743 quae
775 659 977 760 monumenti
1004 659 1089 725 ratio
1118 660 1173 744 sit,
1267 691 1268 744 6

160 751 290 816 nomine
313 750 391 850 ipso·
409 747 598 813 admoneor·
621 747 662 812 ad
686 747 876 812 memoriam
899 747 1003 832 magis
1022 750 1172 834 spectare
1199 767 1211 807 ⁵

161 840 257 904 debet
271 836 473 923 posteritatis
486 857 584 920 quam
598 836 640 900 ad
654 836 834 920 praesentis
848 836 1004 922 temporis
1019 837 1172 921 gratiam.
1267 859 1268 924 6

227 929 257 992 8.
272 925 354 990 Non.
368 945 400 1006 p
413 927 540 990 34615
554 921 715 992 manae
734 925 918 1007 significatio
935 925 1102 1006 amnisesta
1119 931 1172 1004 est,
1267 987 1268 998 ,

161 1021 196 1080 ut
216 1019 273 1078 66666
294 1015 393 1096 operis
415 1012 538 1078 6666666666
559 1017 616 1077 aut
634 1011 738 1092 fundi.
773 1012 821 1078 M.
837 1012 960 1078 Tullius
980 1015 1112 1096 6666666ιὶ66
1130 977 1175 1080 ad
1267 1015 1268 1072 ἒ

161 1103 322 1170 Caesarem
344 1099 393 1166 lit.
417 1099 475 1166 ΙΙ.·
497 1100 550 1166 uel
574 1099 660 1186 quod
682 1099 779 1166 locat'
756 1104 802 1166 tro
826 1101 898 1185 ipsa
921 1105 993 1186 pret
994 1103 1072 1168 iosa.
1267 1075 1268 1130 l

411 1255 461 1310 AD
481 1254 636 1311 EUNDEM
655 1254 766 1314 EPIST.
784 1254 851 1311 1213.
871 1256 917 1312 lll.
973 1285 984 1303 ·
1186 1271 1212 1310 ro

228 1367 258 1432 9.
278 1367 359 1433 Non.
373 1387 406 1449 p.
423 1369 498 1432 286.
515 1369 559 1430 12
576 1365 624 1430 Μ.
643 1365 770 1430 Tullius*
781 1367 826 1430 cd
841 1364 1003 1432 Caesarem
1021 1366 1072 1432 lit.
1090 1366 1172 1432 III:

161 1457 185 1539 †
208 1477 289 1541 quae
313 1455 341 1520 si
363 1453 488 1519 videres
508 1474 574 1517 ncn
593 1453 631 1518 de
650 1453 792 1518 exercitu
811 1453 978 1519 retinendo
997 1455 1092 1539 tueri,
1115 1456 1171 1520 sed

163 1547 239 1610 aot
224 1543 345 1609 tradito
369 1546 425 1607 aut
448 1541 590 1606 dimisso.

230 1632 281 1697 10
299 1630 381 1694 Noc.
398 1649 432 1711 p
453 1633 525 1694 436.
542 1631 586 1693 25
604 1629 652 1694 Μ.
672 1629 855 1694 Tullius-
880 1631 923 1696 aa
940 1629 1101 1696 0666666666
1120 1631 1170 1696 lo.
1267 1661 1268 1702 3

161 1718 240 1784 III:
264 1717 371 1782 Amici
392 1737 459 1781 non
480 1716 564 1781 nulli
584 1736 607 1781 a
628 1720 661 1780 te
680 1717 844 1782 contemni
862 1740 899 1784 ac
918 1718 1039 1806 despici
1058 1723 1092 1784 et
1109 1743 1170 1806 pro
1187 1735 1209 1776 1⁵
1267 1767 1268 1834 3

162 1807 267 1872 nihilo
290 1805 404 1871 haberi
427 1808 575 1870 senatum
599 1805 722 1871 volunt.

251 1943 256 1955 '
361 1959 410 2016 66
429 1958 585 2015 666666
602 1959 652 2014 nx
669 1959 780 2015 666666
798 1959 965 2017 monimo.

231 2069 435 2136 1616666666
460 2089 495 2152 p.
520 2072 596 2135 270.
622 2073 667 2134 20
693 2070 742 2136 M.
771 2069 893 2148 Tullius
923 2071 966 2135 ad
991 2067 1170 2136 caesarea.-

162 2157 317 2223 Extrema
339 2177 415 2222 vero
437 2176 497 2221 nee
521 2160 643 2263 quanta
664 2178 723 2222 nec
742 2157 897 2241 qualia
871 2162 946 2240 arnt,
923 2159 1076 2222 tverbis
1096 2179 1211 2304 con·²⁰

163 2245 418 2400 seqlidpolllsdllll
420 2351 454 2416 p.
485 2333 557 2398 336.
583 2333 630 2398 22
660 2331 709 2412 Μ.
742 2331 865 2399 Tulliae
895 2335 1097 2416 epulaturum
1129 2265 1211 2401 aa„

162 2419 431 2489 0666666166
450 2419 567 2506 amplit
552 2419 697 2486 tudinem
716 2420 920 2524 gloriamque
938 2426 1029 2487 tuam
1048 2443 1170 2510 magno

162 2509 242 2575 mihi
253 2512 422 2574 ornamen
424 2529 524 2574 cesse
534 2513 566 2573 et
576 2507 645 2574 fore
656 2507 806 2575 exrstimo
807 2511 916 2594 quod
927 2531 976 2575 me
988 2511 1169 2576 levatcura
1267 2521 1268 2536 ³

300 2829 352 2889 66.
384 2789 666 2891 6666666666
688 2827 812 2889 umor.
836 2827 1027 2890 66666666

503 2935 559 2994 au
584 2932 823 2994 monuounn.
1183 2947 1209 2988 25
1267 2957 1268 2960 κ

227 3070 392 3138 Charisius
417 3071 493 3154 Ip.
520 3073 593 3136 126.
620 3076 641 3136 9
667 3071 710 3135 K.
743 3070 869 3136 Verrius
895 3070 1042 3154 Flamen,
1069 3072 1172 3155 iuquit

162 3158 302 3240 Punica
323 3177 428 3226 eorum
449 3159 623 3241 6666666666,
645 3176 723 3241 quae
744 3182 783 3226 66
802 3159 956 3240 finiantur
977 3179 1051 3227 66666
1072 3162 1171 3226 6666666-

161 3249 279 3325 66666666,
309 3246 462 3314 ablativus
493 3249 528 3312 666
556 3271 577 3314 6
605 3208 784 3330 diruendas
815 3246 1026 3331 6661666666
1056 3246 1172 3316 0666666

161 3335 364 3416 epistularem
386 3335 429 3399 cd
450 3333 639 3400 Ciceronem
663 3355 776 3418 neque,
799 3335 910 3417 iuquit,
931 3356 991 3420 pro
1014 3341 1110 3402 cauto
1133 3357 1171 3404 ac

162 3419 319 3504 diligente
342 3442 376 3485 se
398 3420 516 3488 castris
539 3421 707 3489 continuit.
830 3485 833 3494 ,
1183 3437 1210 3478 66
