2578 3950
141 150 145 156 Π
162 199 225 261 158
400 193 493 249 CATO
512 192 631 247 MAIOR
648 192 697 246 DE
717 191 928 247 sensorum

159 379 201 422 ne
223 355 464 422 crudelissimus
487 353 618 438 quidem
639 352 745 416 hostis
767 352 891 420 honore
911 353 1098 442 sepulturae
1116 375 1172 420 oa·

160 466 231 510 rere
254 464 369 528 passus
393 446 452 525 est,
475 442 531 506 sed
553 441 699 525 legiones
721 443 862 524 nostras,
885 440 972 524 quod
995 441 1113 526 scripsi
1133 443 1173 506 in

161 531 362 616 Originibus,
402 531 437 594 in
473 551 546 594 eum
584 529 691 594 locum
729 549 825 613 saepe
861 528 1025 612 profectas
1068 529 1173 594 alacri

162 620 269 685 animo
293 623 327 684 et
349 621 465 701 erecto,
487 615 571 682 unda
594 637 629 680 se
651 615 812 680 redituras
834 637 1012 700 numquam
1030 617 1173 682 arbitra·
1265 657 1266 694 ι

160 712 283 774 rentur.
328 704 420 781 Quod
442 705 545 790 igitur
567 704 805 788 adulescentes,
831 707 865 768 et
891 703 916 767 ii
943 704 1075 794 quidem
1102 722 1214 770 none
1265 709 1266 760 ἒ

162 796 268 860 solum
290 793 422 878 indocti,
445 793 501 857 sed
524 792 623 857 etiam
645 791 766 876 rustici,
788 794 1008 878 contemnunt,
1028 792 1064 857 id
1082 791 1175 858 docti
1265 847 1266 850 ,

109 901 142 951 '16
162 904 255 948 senes
278 881 510 946 extimescant?
538 879 691 964 Omnino,
715 882 753 944 nt
775 879 856 944 mihi
879 879 1009 963 quidem
1031 879 1175 966 videtur,

162 970 343 1036 studiorum
362 967 506 1033 omnium
520 967 654 1032 satietas
668 967 755 1033 ritae
768 966 848 1032 facit
862 967 1058 1032 satietatem
1087 966 1175 1033 Sunt

160 1056 319 1142 pueritiae
341 1055 449 1120 studia
472 1059 574 1138 eerta3
597 1076 675 1120 num
697 1056 800 1140 igitur
823 1076 862 1120 aa
885 1055 1071 1121 desiderant
1094 1056 1176 1122 adn·

160 1144 341 1210 lassantes?
374 1147 450 1208 sunt
471 1142 612 1207 ineuntis
640 1143 891 1226 adulescentiam
921 1165 1001 1208 num
1027 1163 1068 1208 ea
1096 1165 1174 1210 con-
1190 1161 1215 1203 ιι

161 1235 253 1296 stans
276 1233 342 1297 iam
368 1230 506 1315 requirit
532 1233 638 1315 aetas,
671 1252 752 1315 quae
782 1231 889 1296 media
915 1231 1055 1296 dicitur?
1093 1237 1176 1322 suut

129 1329 133 1336 '
161 1320 261 1384 etiam
284 1319 352 1384 eius
377 1319 510 1402 aetatis3
539 1340 581 1384 na
609 1340 647 1382 aa
674 1319 803 1401 quidem
828 1323 1030 1403 quaeruntur
1060 1319 1097 1384 in
1125 1341 1177 1386 se-

160 1411 399 1491 nectute31unt
417 1411 561 1472 extreme
575 1405 733 1490 quaedam
749 1406 857 1473 studia
871 1407 1063 1490 senectutis3
1081 1427 1176 1494 argo,

160 1499 198 1560 ut
221 1496 424 1580 superiorum
447 1497 593 1558 aetatum
620 1493 728 1559 studia
755 1494 918 1578 occidnut,
945 1495 991 1560 sic
1018 1495 1176 1560 occidunt

108 1632 149 1695 2,
162 1583 261 1647 etiam
284 1581 475 1731 spnectutis3
498 1581 585 1730 qpod
603 1583 811 1734 qqmrtevelrpit,
830 1583 964 1683 satietas
982 1583 1071 1734 piltae
1090 1588 1215 1648 tem-1⁵

184 1691 222 1734 us
250 1687 609 1733 maurum‘mor1sa
646 1690 703 1733 e.
782 1691 825 1734 on
851 1692 937 1734 emm
963 1693 1072 1754 meo,
1106 1693 1167 1736 cur

109 1709 142 1758 Π
161 1693 239 1841 guid
261 1755 331 1840 ipse
355 1756 493 1821 sentiam
515 1755 553 1820 de
572 1759 686 1839 morta,
703 1777 770 1821 non
788 1757 924 1824 audeam
941 1759 1035 1823 vobis
1055 1723 1176 1844 dicere:

161 1842 248 1928 quod
271 1865 309 1908 eo
333 1865 461 1910 cernere
484 1843 566 1909 mihi
588 1843 704 1908 melius
727 1844 852 1929 videor,
882 1867 945 1929 quo
969 1846 1010 1910 ab
1033 1867 1073 1910 ea
1096 1869 1176 1931 pre

159 1932 234 2016 pius
263 1933 386 1997 absum.
430 1931 504 2017 Ego
531 1934 659 1996 vestros
686 1935 810 2016 patres,
841 1931 877 1997 P.
904 1930 1027 2020 Scipio,
1059 1938 1175 2020 tuque,

161 2017 197 2084 0.
209 2019 310 2104 Laeli,
330 2020 419 2084 viros
437 2019 636 2085 clarissimos
654 2019 799 2102 mihique
817 2020 1041 2105 amicissimos,
1059 2021 1175 2087 vivere
1188 2039 1213 2080 ro

162 2107 318 2189 arbitror,
350 2110 383 2170 et
410 2127 482 2171 eam
507 2106 649 2189 quidem.
665 2107 782 2190 vitam,
814 2128 895 2190 quae
923 2112 973 2172 est
1001 2109 1073 2174 sola
1100 2110 1175 2175 rita

159 2193 366 2257 nominanda.
410 2191 513 2276 Nam,
535 2192 612 2258 dum
636 2215 746 2260 sumus
769 2195 887 2261 inclusi
908 2196 943 2260 in
964 2195 1017 2260 his
1038 2217 1174 2282 compa-

162 2279 257 2365 gibus
281 2279 439 2380 corporis,
466 2301 598 2346 munere
625 2283 766 2384 quedam
782 2283 992 2384 ,necessitatis
1010 2288 1050 2386 ‘et
1073 2285 1174 2370 gravi

160 2366 1036 2542 trecassensemsuune
1052 2373 1174 2525 ter
1188 2477 1214 2518 2⁵

160 2563 241 2626 ram,
263 2541 370 2607 locum
393 2542 520 2608 divinae
538 2547 674 2610 naturae
692 2546 941 2631 aeternitatique
959 2548 1172 2614 contrarium.

22 2669 24 2725 ,
161 2627 225 2694 Sed
243 2630 337 2696 oredo
358 2630 433 2695 deos
452 2630 643 2697 inmortales
663 2633 821 2716 sparsisse
835 2635 960 2700 animos
978 2635 1014 2700 in
1031 2657 1175 2721 corpora

22 2727 23 2774 l
160 2717 316 2804 humana,
342 2721 380 2782 ut
404 2723 525 2804 essent,
548 2719 605 2803 qui
627 2723 731 2784 terras
753 2725 935 2806 tuerentur,
959 2723 1078 2808 quique
1101 2745 1174 2789 oae-

161 2807 293 2872 lestium
317 2806 462 2872 ordinem
485 2808 742 2892 contemplantes
764 2807 971 2875 imitarentur
990 2831 1063 2875 eum
1082 2811 1174 2877 vitae

22 2889 23 2956 l
162 2893 257 2958 modo
281 2897 379 2977 atque
402 2893 595 2959 constantia.
639 2893 708 2960 Nec
730 2917 782 2961 me
805 2897 912 2962 selum
934 2898 1019 2962 ratio
1043 2921 1081 2964 ac
1107 2899 1173 2963 dis·
1187 2917 1214 2959 ro

161 2979 289 3065 putatio
312 2981 452 3065 impulit,
474 2984 512 3046 ut
533 2981 582 3046 ita
604 2982 780 3067 crederem,
807 2985 864 3048 sed
889 2986 1046 3050 nobilitas
1070 2987 1173 3052 etiam

109 3082 143 3132 ιε
162 3089 362 3134 summorum
388 3068 658 3153 philosophorum
690 3074 723 3134 et
755 3072 940 3138 auotoritas.
986 3073 1172 3140 Audiebam

161 3154 385 3241 Pythagoram
415 3155 717 3242 Pythagoreosque,
747 3156 871 3224 incolas
897 3181 1000 3246 paene
1026 3166 1173 3248 nostros,

162 3243 219 3326 qui
241 3247 350 3308 essent
372 3240 480 3308 Italici
501 3244 690 3330 philosophi
709 3245 872 3328 quondam
889 3249 1058 3334 nominati,
1077 3270 1172 3314 num·

73 3357 75 3360 ·
163 3350 261 3412 quam
284 3328 463 3413 dubitasse,
492 3331 571 3414 quin
593 3353 633 3397 ex
654 3332 805 3400 universa
827 3341 934 3401 mente
956 3336 1067 3402 divina
1090 3337 1172 3403 dali—
1185 3354 1213 3396 ³⁵

162 3416 258 3480 batos
273 3415 397 3480 animos
412 3417 615 3484 haberemur.
646 3419 965 3489 Demonstrabantur
983 3424 1064 3488 mihi
1077 3447 1171 3510 prae·

162 3506 262 3587 terea,
277 3523 359 3586 quae
373 3499 522 3570 Socrates
537 3527 688 3592 supremo
703 3509 790 3576 vitae
810 3511 860 3578 die
879 3511 918 3577 de
932 3511 1200 3597 inmortalitatQ
