2578 3950
162 141 226 205 172
459 137 613 196 LAELIUS
631 137 682 192 DE
700 137 865 194 AMICITIA

159 303 247 368 enim
270 321 472 388 generorum,
493 301 691 387 praesertim
711 301 748 364 in
769 321 804 364 re
825 299 922 383 bona,
943 319 1017 363 cum
1038 298 1174 364 difficile

160 396 224 477 est,
240 395 318 456 tum
338 412 380 455 ne
402 412 542 474 aequum
564 389 694 475 quidem
717 387 884 452 obsistere.

227 477 423 563 Saepissime
436 479 538 565 igihrr
551 477 633 542 mihi
645 477 686 541 de
700 475 844 542 amicitia
857 473 1016 560 cogitanti
1030 475 1173 539 maxime

161 567 244 632 illud
271 567 538 634 considerandum
565 565 668 630 videri
696 565 794 648 solet,
825 566 935 628 utrum
962 566 1101 647 propter
1126 563 1174 628 in-

160 656 374 722 becillitatem
396 659 495 739 atque
517 654 662 739 inopiam
681 653 867 717 desiderata
889 651 933 715 sit
956 650 1115 735 amicitia,
1134 654 1174 716 ut
1201 672 1213 712 s
1254 681 1255 732 p

161 744 276 810 dandis
299 743 554 828 recipiendisque
577 741 703 806 meritis
727 740 814 825 quod
834 739 969 823 quisque
986 737 1098 802 minus
1115 759 1177 824 per
1254 765 1255 816 p

162 855 197 898 sc
219 833 290 918 ipse
311 835 436 916 posset,
463 831 497 894 id
518 831 683 916 acciperet
704 830 753 894 ‘ab
778 828 845 892 alio
873 827 1084 910 vicissimque
1107 827 1177 892 red·

162 921 265 1003 deret,
292 941 336 984 an
357 922 444 984 essct
466 919 529 984 hoc
553 918 686 1002 quidem
712 916 882 1002 proprium
909 915 1089 1000 amicitiae,
1119 915 1177 980 aad

131 1033 138 1048 ²
162 1007 328 1091 antiquior
346 1011 379 1071 et
397 1007 565 1092 pulchrior
582 1011 616 1071 et
632 1006 739 1091 magis
758 1008 914 1071 amatura
929 1003 1003 1088 ipsa
1023 1003 1177 1088 profecta

162 1096 228 1161 alia
254 1115 361 1160 causa
406 1094 510 1160 Amor
537 1095 637 1172 euim,
667 1116 707 1159 ex
732 1114 803 1177 *qno
833 1091 977 1158 amieItia
994 1093 1178 1157 nominata
1191 1115 1214 1153 ro

94 1230 98 1236 -
162 1188 222 1267 est,
240 1183 390 1268 princeps
404 1187 455 1248 eat
468 1181 777 1249 adhenivolentiam
790 1179 1057 1266 coniungendam.
1088 1179 1177 1246 Nam

162 1272 324 1337 utilitates
349 1271 479 1356 quidem
502 1271 602 1337 etiam
624 1271 666 1336 ab
688 1271 730 1335 iis
747 1269 1097 1354 percipiunturuaepe,
1121 1269 1177 1352 qni

162 1361 370 1428 simulatione
389 1359 551 1426 amicitiae
569 1360 721 1424 coluntur
734 1362 768 1423 et
781 1358 996 1423 observentur
1014 1357 1177 1442 temporis

163 1471 269 1533 causa,
291 1449 326 1512 in
349 1447 493 1514 amicitia
515 1452 625 1512 autem
646 1447 729 1512 nihil
751 1447 863 1511 fictum
885 1448 946 1529 est,
967 1443 1052 1508 nihil
1076 1446 1177 1510 slmu·

161 1539 268 1602 latum
290 1540 337 1618 et,
361 1535 520 1619 quidquid
542 1539 605 1612 eat,
628 1535 661 1598 id
682 1538 733 1599 est
750 1555 862 1600 verrun
885 1537 919 1598 et
940 1533 1176 1598 voluntarium.
1190 1555 1213 1595 ιε

110 1638 142 1689 ar
163 1625 368 1709 Quapropter
390 1645 411 1686 a
431 1626 550 1688 natura
573 1622 654 1686 mihi
675 1623 804 1687 videtur
821 1622 932 1707 potius
950 1643 1049 1705 quarn
1068 1622 1112 1687 ab
1131 1623 1178 1686 in-

163 1712 309 1797 digentia
331 1713 405 1776 orta
428 1710 584 1790 amicitia,
606 1710 825 1796 adplicatione
847 1710 953 1796 magis
975 1709 1079 1774 animi
1102 1731 1177 1775 curn

163 1799 304 1885 quodam
323 1815 419 1864 sensu
437 1799 568 1865 amandi
585 1821 684 1885 quam
701 1821 740 1864 co
766 1798 910 1881 'tatione
933 1801 1093 1882 quantum
1116 1799 1178 1864 illa

163 1911 215 1955 res
238 1887 393 1954 utilitatis
416 1891 503 1953 esset
524 1887 687 1953 habitura.
733 1820 827 1962 diod
849 1886 978 1970 quidem
1001 1887 1100 1969 quale
1123 1888 1177 1971 ait,

163 1978 263 2044 etiam
285 1977 321 2042 in
342 1975 457 2041 bestiis
478 1976 674 2060 thmdam
700 1975 917 2040 animadverti
938 1978 1062 2058 potest,
1092 1997 1176 2059 quae
1189 1996 1213 2036 a

164 2088 203 2132 ex
226 2087 261 2129 se
282 2066 379 2130 natos
402 2063 450 2129 ita
473 2068 585 2130 amant
608 2065 650 2136 ad
672 2063 833 2148 quoddam
855 2066 984 2148 ternpus
1007 2067 1041 2127 et
1063 2064 1109 2127 ¹ab
1129 2065 1176 2128 eis

162 2154 212 2216 ita
234 2155 398 2228 amantur,
421 2155 458 2215 ut
480 2150 576 2217 facile
599 2173 710 2217 aarum
733 2172 847 2217 sensus
869 2153 1035 2236 appareat
1081 2151 1176 2228 Quod

161 2241 197 2305 in
218 2238 350 2304 homine
372 2239 477 2304 multo
500 2242 551 2303 cst
573 2240 770 2324 evidentius,
798 2240 940 2324 primum
967 2259 1007 2304 ex
1029 2260 1068 2306 ea
1093 2241 1176 2304 cari-

162 2331 246 2413 tate,
273 2347 355 2410 quoe
382 2330 434 2392 cst
459 2326 546 2392 inter
568 2332 668 2394 natos
696 2332 730 2394 et
756 2331 921 2412 parentes,
953 2348 1036 2411 quae
1063 2327 1175 2393 dirimi

162 2417 227 2482 nisi
250 2415 437 2481 detestabili
457 2416 579 2482 scelere
600 2439 668 2482 non
693 2419 816 2501 potest3
843 2415 958 2482 deinde
977 2437 1058 2480 oum
1084 2417 1211 2481 simi-as

162 2505 204 2567 lis
219 2523 332 2568 sensus
352 2503 461 2568 extitit
480 2505 610 2589 amoris,
629 2505 658 2570 ai
675 2505 817 2588 aliquem
834 2504 923 2570 meti
939 2525 1062 2588 sumus,
1078 2505 1174 2570 euius

162 2614 236 2658 cum
257 2591 404 2658 moribus
428 2596 597 2659 stratura
614 2606 841 2680 congruamus,
862 2591 950 2676 quod
967 2592 1002 2656 in
1020 2613 1059 2657 eo
1076 2594 1174 2677 quasi

162 2681 273 2746 lumen
295 2680 428 2764 aliquod
450 2681 625 2766 probitatis
649 2685 682 2747 et
704 2681 836 2747 virtutis
861 2680 1043 2766 perspicere
1065 2681 1174 2747 videa-

110 2781 144 2831 20
163 2791 244 2836 mur.
289 2767 381 2835 Nihil
409 2772 459 2836 est
486 2771 572 2836 enim
598 2771 721 2835 virtum
748 2769 934 2853 amabilius,
961 2768 1057 2854 nihil,
1086 2770 1174 2854 quod

162 2857 267 2940 magis
292 2857 425 2923 adliciat
443 2856 484 2922 ad
498 2857 707 2944 diligendum⁷
730 2858 850 2942 quippe
867 2879 940 2923 eum
957 2859 1210 2942 propterviam

161 2946 267 3010 tutem
290 2947 323 3008 et
345 2945 545 3029 probItatem
567 2946 667 3012 etiam
690 2967 759 3030 eos,
787 2967 869 3030 quos
891 2962 1070 3030 numquam
1092 2947 1174 3012 vidi·

162 3031 401 3188 Ilattia
413 3032 1174 3207 llltlttthqlltlulllitha

162 3212 309 3291 usurpet,
332 3230 413 3292 quos
435 3231 612 3295 numquam
634 3211 775 3277 viderit?
799 3212 871 3294 quis
892 3213 1004 3276 autem
1025 3215 1092 3296 eat,
1115 3212 1172 3296 qui

162 3293 374 3377 Tarquinium
397 3295 589 3383 Superbum,
611 3300 667 3383 qui
690 3297 744 3385 Sp.
767 3296 927 3382 Cassium,
947 3297 1002 3384 Sp.
1016 3297 1171 3364 Maelium
1184 3313 1208 3355 ὥ

161 3402 229 3448 non
246 3381 373 3448 oderit?
410 3383 492 3450 Oum
510 3386 635 3452 duobus
654 3387 789 3452 ducibus
808 3388 847 3453 de
864 3389 1002 3472 imperio
1019 3389 1055 3452 iu
1072 3386 1172 3453 Italia

162 3472 213 3534 eat
227 3468 435 3555 decertatum,
452 3471 578 3556 Pyrrho
593 3479 627 3539 et
640 3473 839 3559 Hannibale3
858 3477 899 3540 ab
918 3476 1023 3540 altero
1036 3479 1173 3561 propter
