2504 3950
334 182 401 238 nin.
421 183 454 238 11.
488 183 564 240 cnP.
586 190 627 255 ra,
648 191 689 242 14.
721 191 868 252 §rc-50.
1061 185 1103 252 '13

93 343 263 410 sermonis.
308 343 451 413 Exstant
477 346 638 430 epistulae
664 350 700 411 et
725 346 870 433 Philippi
898 347 939 412 ad
965 346 1104 414 Alexan·

91 433 186 500 drum
219 437 254 498 et
281 432 452 518 Antipatri
484 434 525 498 ad
552 433 772 501 Cassandrum
804 440 837 500 et
870 435 1031 522 Antigoni
1062 437 1104 502 ad

89 521 283 606 Philippum
310 522 428 606 fillum,
454 523 555 588 trium
583 523 909 607 prudentissimorum
931 523 993 610 (sic
1016 526 1102 590 euim

90 608 310 695 accepimus);
338 611 455 694 quibus
482 611 700 696 praecipiunt,
727 615 765 676 ut
792 613 939 678 oratione
961 613 1104 698 benigna

66 698 314 766 lmultitudinis
340 699 469 765 animos
499 698 540 763 ad
567 699 823 765 beniuolentiam
850 700 999 765 alliciant
1020 703 1103 765 mili-

89 791 205 870 tesque
229 786 349 852 blande
377 787 571 871 appellando
600 790 774 869 [sermone]
803 789 969 853 deliniant.
1014 787 1103 864 Quae

91 879 201 941 autem
224 875 261 940 in
283 875 492 940 multitidine
513 897 588 941 cum
605 877 811 942 contentione
829 877 970 942 habetur
988 878 1104 961 oratio,

92 986 128 1030 ea
146 985 247 1049 saepo
265 963 451 1028 universam
469 964 590 1030 excitat
609 965 791 1050 [gloriam];
810 986 930 1051 magna
948 969 999 1030 cst
1017 965 1103 1030 euim

91 1052 267 1118 admiratio
307 1051 438 1136 copiose
474 1051 699 1137 sapienterque
731 1053 882 1140 dicentis,
919 1075 1015 1138 quem
1045 1053 1104 1138 qui

58 1140 244 1222 tlaudiunt,
270 1140 461 1226 intellegere
484 1140 584 1206 etiam
607 1143 640 1205 et
661 1163 777 1226 sapore
799 1143 874 1226 plus
897 1163 997 1226 quam
1018 1146 1102 1207 cate-

92 1249 145 1293 ros
170 1228 383 1294 arbitrantur.
419 1226 455 1293 si
471 1250 549 1294 vero
572 1229 658 1294 inest
677 1230 716 1294 in
737 1231 885 1295 oratione
907 1231 1013 1294 mixta
1033 1251 1103 1294 mo·

93 1316 199 1382 destia
221 1317 383 1401 grauitas,
405 1317 488 1382 nihil
512 1316 737 1383 admirabilius
759 1318 832 1383 ficri
853 1321 977 1402 potest,
1000 1339 1102 1402 eoque

93 1404 214 1490 magia,
238 1404 267 1470 si
290 1426 328 1471 ea
345 1409 422 1470 sunt
439 1406 473 1470 in
492 1405 704 1472 adulescente.
749 1402 814 1471 Sed
832 1427 905 1470 cum
923 1406 990 1470 sint
1007 1407 1104 1490 plura
1121 1423 1155 1472 re

92 1514 267 1560 causarum
289 1513 422 1578 genera,
451 1516 533 1577 quae
560 1493 781 1578 eloquentiam
804 1494 999 1577 desiderent,
1022 1495 1103 1558 mul·

59 1582 185 1665 urique
207 1581 243 1645 in
264 1585 379 1646 nostra
398 1603 435 1646 re
457 1582 590 1666 publica
612 1583 834 1650 sdrdescentes
858 1587 892 1648 et
915 1582 1001 1668 apud
1023 1581 1103 1646 iudi·

92 1691 144 1736 ces
168 1672 204 1734 et
222 1669 309 1754 apud
326 1670 483 1755 populum
500 1674 535 1736 et
553 1671 640 1756 apud
658 1675 807 1737 senatum
826 1671 959 1738 dicendo
974 1671 1104 1736 laudem

93 1757 237 1824 assecuti
259 1757 341 1838 sint,
363 1759 506 1832 munima
527 1763 578 1824 est
601 1759 774 1826 admiratio
796 1760 831 1824 in
854 1760 995 1844 iudiciis3
1027 1780 1104 1844 quo·

92 1868 166 1912 rnm
188 1845 275 1912 ratio
299 1845 417 1930 duplex
440 1851 499 1912 eat.
543 1845 631 1912 Nam
653 1869 691 1913 ex
716 1848 920 1913 accusatione
943 1850 977 1912 et
995 1869 1035 1912 ex
1051 1847 1104 1912 dc·

93 1933 240 2000 tensione
263 1937 407 2017 constat;
429 1956 566 2018 quarum
585 1936 648 2001 etsi
666 1935 863 2002 laudabilior
881 1939 932 2000 est
949 1934 1103 2017 defensio,

58 2027 204 2088 amman
238 2021 338 2087 etiam
367 2023 533 2088 accusatio
564 2026 707 2108 probata
735 2044 892 2109 persaepe
919 2026 978 2088 est.
1027 2021 1104 2086 Dixi

92 2111 192 2195 paulo
216 2114 294 2175 ante
320 2109 359 2174 de
382 2108 517 2194 Crasso,
543 2111 628 2180 idem
656 2112 736 2177 fecit
757 2111 946 2177 adulescens
969 2109 1012 2176 M.
1036 2110 1104 2174 An·

92 2198 212 2264 tonius.
257 2197 368 2264 Etiam
394 2197 430 2264 P.
459 2197 582 2284 Sulpici
610 2199 829 2284 eloquentiam
863 2200 1028 2266 accusatio
1057 2199 1104 2263 in·

92 2286 262 2371 lustravit,
286 2308 359 2354 cum
382 2287 572 2354 seditiosum
593 2292 628 2353 et
649 2289 800 2354 inutilem
822 2289 941 2372 civem,
963 2286 999 2353 Ο.
1021 2286 1104 2352 Nor-

93 2376 230 2458 banum,
261 2375 297 2440 in
328 2374 482 2442 iudicium
508 2377 647 2442 uocauit.
697 2375 760 2442 Sed
786 2377 848 2442 hoc
876 2375 1006 2460 quidem
1036 2391 1157 2442 nonno

57 2479 81 2520 2⁵
94 2468 144 2529 eet
169 2485 266 2548 saepe
288 2463 471 2530 faciendum
493 2485 553 2530 nec
575 2485 731 2549 umquem
756 2465 822 2531 nisi
849 2469 907 2530 aut
929 2464 976 2530 rei
999 2463 1104 2549 publi·

92 2574 148 2618 cae
176 2573 289 2635 causa,
315 2555 352 2616 ut
379 2552 417 2636 ii,
442 2573 526 2636 quoa
554 2557 630 2620 ante
657 2552 737 2637 dixi,
766 2555 823 2618 aut
844 2552 1035 2637 ulciscendi,
1066 2555 1104 2616 ut

93 2640 156 2706 duo
179 2639 323 2724 Luculli,
351 2644 408 2706 aut
433 2641 622 2726 patrocinii,
648 2644 686 2706 ut
712 2662 773 2706 nos
800 2662 861 2725 pro
884 2638 1017 2723 Siculis,
1043 2661 1103 2724 pro

93 2725 205 2794 Sardis
237 2728 273 2792 in
299 2727 439 2794 Albucio
473 2728 585 2794 Iulius.
635 2729 676 2794 In
707 2727 887 2794 accusando
920 2728 1021 2792 etiam
1052 2727 1104 2792 Μ’.

92 2815 229 2901 Aquilio
256 2815 292 2881 L.
315 2815 386 2882 Fufi
413 2817 546 2902 cognita
573 2816 734 2882 industria
764 2819 822 2881 est.
868 2812 976 2880 Semel
1001 2813 1104 2900 igitur

57 2909 153 2970 aaut
184 2925 252 2970 non
282 2925 379 2990 saepe
412 2909 507 2971 carta
556 2902 615 2970 Sin
644 2905 720 2989 erit,
752 2904 804 2969 cui
839 2901 1023 2968 faciendum
1060 2903 1104 2967 sit

94 2993 240 3078 saepius,
260 2993 309 3058 rei
330 2992 480 3078 publicae
507 2993 633 3059 tribuat
656 2994 718 3060 hoc
740 2992 897 3076 muneris,
925 2990 1016 3056 cuius
1045 2991 1104 3055 ini·

93 3082 195 3146 micos
219 3080 332 3146 ulcisci
355 3082 484 3166 saepirm
501 3103 569 3148 non
586 3086 637 3147 ast
655 3079 967 3166 reprehendendum,
987 3079 1103 3143 modus

92 3172 204 3237 tamen
228 3169 322 3236 acca
366 3167 450 3237 Duri
478 3170 565 3236 enirn
591 3169 733 3235 hominia
760 3170 813 3234 uel
835 3168 946 3254 potius
968 3167 1023 3232 vix
1044 3167 1104 3232 ho-

92 3257 190 3323 minis
223 3257 351 3322 videtur
377 3257 558 3342 periculum
594 3258 711 3343 capitis
742 3257 862 3322 inferre
889 3256 1011 3322 multis.
1065 3255 1104 3322 Id

57 3358 79 3400 ’ὁ
91 3367 167 3412 cum
188 3345 408 3431 periculosum
429 3346 495 3432 ipsi
515 3351 581 3430 est,
603 3351 674 3412 tum
692 3347 792 3411 etiam
811 3345 976 3411 sordidum
990 3344 1031 3410 ed
1053 3343 1104 3410 ta-

91 3456 194 3518 mam,
218 3435 435 3519 committere,
462 3438 501 3500 ut
521 3439 691 3502 accusator
710 3434 894 3517 nominer03
920 3433 1008 3518 quod
1029 3453 1104 3498 con·
1233 3472 1238 3483 -

91 3522 172 3608 ugia
197 3521 242 3588 n
269 3520 374 3590 Bruto
403 3543 530 3590 sumo
557 3544 675 3609 genere
701 3526 795 3608 nero,
821 3523 912 3587 ullus
937 3521 1021 3604 filo,
1047 3518 1104 3600 qur
