2504 3950
390 191 466 248 cnr.
486 197 528 260 11,
548 197 590 246 ιι.
625 195 641 257 s
660 197 774 248 een-41.
1024 192 1087 256 145

89 353 151 417 hus
182 351 269 427 Quas
283 352 313 418 si
326 352 441 436 exequi
452 352 629 437 nequirem,
647 356 758 419 tamen
776 374 828 419 me
843 352 982 419 lectulus
993 355 1087 420 'meus

88 440 260 505 oblectaret
287 462 327 504 ea
351 440 425 524 ipsa
453 441 669 526 cogitantem,
696 462 778 526 quae
804 442 872 506 iarn
898 463 995 528 agere
1021 463 1089 508 non

87 550 223 612 possem3
246 528 303 592 sed
324 531 364 592 ut
383 528 516 612 possim,
538 528 618 594 feeit
637 533 711 594 acta
732 529 809 597 vita.
847 529 980 614 Semper
1002 531 1088 594 enim

87 615 191 680 inhis
225 615 340 680 studiis
371 614 603 700 laboribusque
635 616 757 681 viventi
787 639 860 681 non
884 618 1088 703 intellegitur

66 704 207 788 equando
232 704 333 788 obrep
334 706 370 767 at
391 708 548 768 senectus.
585 703 638 768 Ita
656 705 776 768 sensim
794 705 863 768 sine
883 725 978 769 sensu
995 709 1087 769 aetas

87 791 219 857 senescit
245 813 306 857 nee
310 727 441 856 psubito
405 791 640 878 tirangitur,
670 791 734 924 sed
750 791 963 858 diuturnitate
986 792 1112 857 extin-

87 881 198 965 guitur.
1099 939 1141 1002 12

144 966 299 1051 Sequitur
326 967 426 1032 tertia
451 968 649 1052 uituperatio
677 968 865 1053 senectutis,
898 968 985 1062 quod
1016 989 1088 1032 earn
1107 1016 1140 1064 39

88 1077 187 1121 curere
206 1055 320 1120 dicunt
337 1056 571 1140 voluptatibus.
608 1055 636 1120 Ο
654 1055 856 1140 praedurum
870 1077 987 1122 munus
1001 1060 1088 1121 aeta·

59 1143 326 1227 1⁰tis,siquidem
352 1143 387 1207 id
414 1143 520 1208 aufert
547 1165 575 1207 a
592 1144 702 1228 nobis,
730 1144 816 1227 quod
842 1145 954 1211 estin
981 1144 1088 1210 adule

88 1193 203 1298 seehtia
231 1230 492 1296 vitiosissimum!
536 1231 684 1316 Accipite
711 1232 809 1312 enim,
839 1230 955 1315 optimi
971 1231 1089 1296 adule

88 1324 216 1403 scentes,
237 1322 382 1384 veterem
406 1319 586 1384 orationem
599 1318 764 1402 Archytae
778 1318 955 1402 Tarentini,
978 1320 1090 1404 magni

87 1405 117 1470 ιιι
136 1407 252 1492 primis
273 1409 306 1472 et
323 1407 483 1491 praeclari
500 1407 572 1490 viri,
595 1429 676 1490 quse
695 1407 776 1471 mihi
794 1404 916 1470 tradita
934 1409 993 1489 est,
1016 1407 1089 1472 euin

89 1515 184 1559 essem
216 1495 405 1560 adulescens
433 1495 567 1559 Tarenti
596 1516 669 1560 eum
697 1492 732 1569 Q.
759 1493 910 1560 Maximo.
954 1492 1090 1558 Nullam

59 1596 78 1638 ι
89 1583 308 1667 capitaliorem
330 1587 457 1668 pestem
480 1603 577 1666 quam
599 1583 802 1668 voluptatem
824 1581 969 1668 corporis
988 1581 1090 1646 horni-

87 1671 175 1735 nibus
197 1671 330 1736 dicebat
352 1693 373 1736 a
388 1671 507 1736 natura
528 1670 647 1756 datam,
670 1671 760 1737 euius
777 1670 956 1756 voluptatis
976 1669 1089 1736 avidae

87 1757 233 1824 libidines
254 1762 377 1824 temere
404 1762 438 1824 et
460 1757 621 1824 ecfrenato
644 1759 685 1824 ad
708 1759 897 1844 potiendum
917 1757 1090 1824 incitaren-

88 1849 143 1913 tur.
176 1846 267 1912 Hine
288 1846 414 1932 ptariae
436 1846 646 1932 proditiones,
667 1846 744 1911 hine
760 1845 1090 1930 rerumpublicarum
1108 1861 1143 1911 40

89 1936 280 2017 eversiones,
288 1870 389 1999 phine
419 1957 492 2000 cum
522 1934 674 2000 hostibus
701 1934 911 1998 clandestina
928 1935 1090 2017 colloquia

59 1985 348 2194 ”distulit
363 2021 1135 2194 {sereserillesehere-sn

88 2199 230 2282 pelleret,
259 2203 374 2284 stupra
395 2220 472 2264 vero
496 2202 530 2262 et
552 2198 711 2262 adulteria
732 2202 766 2262 et
788 2219 882 2262 omne
904 2198 971 2263 tale
998 2197 1090 2348 flagi·

89 2285 164 2352 tium
193 2287 298 2352 nullis
330 2287 465 2352 excitari
497 2285 570 2350 aliie
601 2285 773 2351 inlecebris
802 2283 867 2350 nisi
897 2285 1033 2370 volupta
1034 2285 1091 2368 tis3

89 2393 219 2459 eumque
237 2374 407 2439 homini'
382 2396 449 2439 srve
467 2373 606 2439 natura
603 2374 671 2439 sive
694 2374 766 2458 quis
786 2373 862 2438 deus
880 2372 964 2437 nihil
983 2377 1091 2436 mente

60 2473 80 2514 ²⁵
90 2462 316 2544 praestabilius
335 2462 485 2546 dedisset,
501 2462 578 2527 huic
596 2462 705 2526 divino
719 2462 844 2526 muneri
858 2483 896 2527 ae
910 2461 994 2526 dono
1008 2460 1091 2525 nihil

89 2551 152 2614 tarn
174 2553 248 2616 ess'e
270 2549 436 2614 inimicum
460 2572 557 2633 quarn
578 2551 795 2634 voluptatem
819 2570 880 2614 nee
906 2549 993 2615 enim
1019 2547 1144 2612 libi-41

90 2636 157 2702 dine
184 2637 373 2704 dominante
399 2638 634 2722 temperantiae
656 2638 763 2702 locum
787 2657 870 2720 esse,
899 2657 1003 2721 neque
1026 2658 1092 2700 om·

90 2725 161 2790 nino
192 2726 229 2791 in
259 2726 439 2810 voluptatis
470 2746 571 2810 regno
602 2726 757 2791 virtutem
783 2744 879 2807 pesse
899 2725 1091 2789 consistere.

91 2810 178 2886 Quod
202 2835 266 2898 quo
289 2814 395 2899 magis
417 2814 467 2878 int
453 2813 578 2898 tellegi
587 2816 707 2897 posset,
729 2812 853 2906 fingere
874 2811 982 2875 animo
1005 2811 1092 2875 iube·

61 2910 81 2951 ι
91 2899 144 2964 bat
159 2905 258 2967 tenta
272 2902 445 2966 ιιιιιιιιιιιιιι
459 2901 601 2985 aliquem
614 2901 751 2985 volupta
751 2899 784 2964 te
798 2899 952 2984 eorporis,
971 2902 1093 2983 quiante

90 2989 212 3074 percipi
233 2994 344 3074 posset
366 2989 522 3072 maxima,
543 2989 665 3053 nemini
687 2989 839 3055 censebat
860 2987 931 3053 fore
951 2987 1092 3070 dubium,

90 3076 165 3158 quin
186 3079 258 3142 ιιιιιι
280 3078 344 3162 din,
367 3077 445 3142 dum
466 3077 515 3142 ita
538 3071 701 3160 gauderet,
722 3076 805 3140 nihil
827 3075 953 3161 agitare
975 3079 1093 3172 ruente,

90 3163 170 3228 nihil
192 3166 328 3248 ratione,
350 3165 433 3229 nihil
456 3165 654 3250 cogitatione
680 3164 832 3248 consequi
854 3163 978 3248 posset.
1010 3161 1094 3237 Quo·

92 3250 173 3316 urea
204 3253 286 3317 nihil
319 3273 389 3318 esse
419 3257 506 3318 tam
521 3251 713 3317 detestabile
744 3256 876 3353 temque
903 3254 976 3336 pest
961 3251 1094 3316 tiferum

61 3347 186 3420 tl*quern
205 3341 355 3424 voluptet
321 3363 423 3426 aem,
435 3341 593 3443 siquidem
612 3363 659 3419 es,
677 3361 749 3405 cum
768 3340 873 3405 maior
891 3344 979 3405 esset
996 3344 1094 3423 atque

92 3425 306 3529 longinquior,
324 3451 419 3494 omne
434 3430 533 3496 aninn
524 3429 657 3495 lumen
670 3428 881 3512 extingueret.
911 3427 1012 3494 Haec
1021 3447 1094 3492 cum

92 3509 125 3578 ὓ
141 3513 237 3580 Pont‘
214 3519 259 3582 ιιο
275 3514 405 3582 Semnit
390 3521 433 3602 te,
455 3520 548 3602 patre
571 3518 649 3602 eius,
672 3539 692 3582 a
714 3538 777 3601 que
801 3514 945 3582 Caudino
969 3513 1093 3601 proelio

144 3623 286 3670 e10.1v..s
902 3625 935 3674 10
