2570 3944
156 181 222 248 326
545 179 771 238 FRAGMENTA

222 343 274 409 98.
296 341 367 410 Seu.
389 346 548 426 ep.17.2
570 343 696 408 necdum
718 344 785 425 eois,
806 346 957 425 quantum
977 341 1088 426 ubique
1108 363 1169 410 nos

155 433 279 498 adiuvet
298 430 531 514 (potusopnia),
559 449 648 513 quem
674 431 718 495 aet
742 431 866 495 modum
892 431 982 495 etin
1007 432 1167 517 nummu,

155 525 191 585 ut
217 518 372 586 Ciceronis
401 524 476 584 ntor
500 518 603 597 uerbo,
635 517 812 603 opituletur
838 522 868 583 et
892 519 928 584 in
953 519 1088 584 minima
1117 521 1168 587 de·

155 609 285 675 scendet.

222 697 275 762 99.
296 695 428 778 Anpnst.
449 695 486 760 oe
507 695 713 776 dialectum
732 696 780 760 15.
803 698 844 759 14
866 695 910 759 ea
934 693 1042 762 Crecet.
1059 717 1167 780 propr.
1194 717 1206 758 ⁵

156 783 274 864 Elterf.
300 786 387 849 1857
412 782 717 865 Itaque-rectissime
741 802 764 847 a
792 782 957 848 dialoctrbis
982 784 1098 850 dutum
1124 790 1170 850 eet

156 874 333 954 amtipunm
359 889 422 936 esse
448 889 535 935 omne
560 870 700 946 oubum;
732 889 786 936 nec
813 875 941 954 morem,
972 873 1055 954 qnod
1082 874 1170 951 opud

157 960 331 1026 Ciceronem
353 958 562 1023 calumniatur
583 957 772 1023 Hortensius
793 957 848 1022 boc
870 959 977 1022 modo:
1000 959 1169 1045 Ambigua

157 1069 191 1112 ee
210 1047 328 1111 audere
348 1045 439 1110 aiunt
458 1044 617 1130 explicare
637 1044 788 1128 dilucide
806 1044 903 1110 iidem
922 1067 1016 1111 omne
1030 1049 1167 1113 verbum

157 1135 347 1221 ambiguum
380 1155 450 1198 esse
483 1133 603 1199 dieunt.
648 1131 717 1208 Quo
750 1132 846 1198 modo
877 1134 979 1219 igitur
1011 1136 1167 1222 ambigue
1182 1157 1209 1196 ιο
1271 1169 1272 1210 3

158 1223 321 1310 ambiguis
349 1221 577 1307 explicabunt?
604 1243 680 1286 nam
707 1220 769 1287 hoo
797 1225 847 1285 est
873 1222 907 1285 in
934 1223 1087 1288 tenebras
1115 1245 1167 1289 ex·
1270 1229 1272 1362 ⁴

161 1313 300 1377 tinctum
312 1311 433 1376 -lumen
455 1309 583 1376 inferre.
1271 1365 1272 1408 ἡ

226 1401 298 1465 100.
316 1400 447 1482 Anpuet.
469 1403 577 1464 contra
593 1396 691 1462 Acad.
708 1395 839 1463 11114.
856 1402 899 1462 31
913 1398 948 1463 Τ.
966 1398 1036 1480 Ip.
1054 1399 1168 1466 2161)

156 1488 238 1554 Bon.
259 1488 354 1553 Anto.
377 1486 503 1552 Clamat
525 1484 628 1551 Cicero
650 1485 763 1565 (Aeaci.
785 1484 832 1549 Π
849 1489 901 1551 20.
924 1486 981 1570 66)
1006 1505 1038 1551 ee
1063 1487 1168 1569 rpmm

157 1596 306 1658 moenum
327 1594 389 1640 esse
410 1575 608 1656 opinatorem,
629 1573 684 1638 sect
698 1573 736 1637 de
753 1574 889 1654 sapiente
904 1593 936 1639 ee
952 1594 1104 1656 quaerere.
1122 1611 1168 1623 -
1182 1595 1208 1636 15

158 1662 242 1729 Certe
259 1663 295 1727 in
311 1661 480 1727 Hortensio
499 1661 629 1744 iepietib:
652 1657 688 1724 si
704 1659 807 1745 igitur
824 1681 882 1725 neo
900 1661 981 1726 eerti
1001 1664 1052 1726 est
1075 1663 1169 1746 quid-

159 1773 256 1836 quem
274 1771 334 1815 nee
352 1748 479 1834 opinari
497 1747 654 1834 sapientis
672 1751 731 1831 est,
753 1748 836 1812 nihil
859 1770 1013 1833 umquam
1036 1750 1168 1835 sapiens

158 1838 458 2009 apqussbiissupnst.
485 1944 509 1992 a
531 1924 629 1990 Aeaci.
652 1924 678 1989 I
694 1929 724 1990 3.
748 1927 769 1989 7
792 1924 828 1990 Τ.
850 1924 875 1989 I
886 1893 926 2008 ⁸p.
948 1929 1011 1992 189
1032 1925 1069 1990 F
1086 1926 1168 1992 Bon.

157 2015 286 2081 Placuit
310 2013 450 2080 Ciceroni
476 2018 580 2078 nostro
607 2013 727 2078 beatum
753 2031 826 2096 esse,
855 2015 910 2095 qui
935 2015 1092 2078 ueritatem
1119 2016 1169 2080 in-
1182 2034 1208 2074 eo

157 2105 293 2186 uestipot,
310 2102 432 2166 etiamsi
448 2102 492 2165 aa
507 2101 573 2166 eine
589 2101 794 2165 inventionem
810 2120 874 2165 non
886 2101 988 2166 ualeat
998 2104 1168 2184 peruenire.
1269 2103 1271 2116 “

161 2225 198 2236 -
221 2191 298 2270 eris
314 2190 440 2271 uuum
460 2207 528 2252 eum
550 2187 726 2269 affirmasse
746 2188 931 2254 oebementer
952 2188 1033 2254 nibil
1054 2190 1093 2255 ab
1116 2189 1169 2256 nu

157 2279 241 2343 mine
257 2277 376 2359 percipi
392 2294 493 2358 posse,
521 2275 659 2357 nihilque
678 2295 836 2341 remanere
855 2278 989 2359 sapienti
1009 2279 1082 2343 niei·
1094 2279 1168 2344 diti·

155 2366 367 2450 purissiman
393 2364 623 2447 inquisitionem
649 2364 798 2442 ueritatis,
824 2369 987 2446 propterea
1016 2366 1107 2448 quia,
1137 2369 1169 2432 si
1270 2435 1271 2456 χ

157 2455 283 2519 incertis
300 2453 389 2518 rebus
405 2457 481 2518 esset
496 2470 648 2530 asserueris,
668 2453 790 2518 etiamsi
805 2452 936 2532 fortasse
952 2473 1040 2520 oeroe
1054 2453 1168 2534 forent,
1182 2471 1209 2513 u
1270 2459 1271 2470 *

159 2542 285 2608 tuberoni
311 2540 351 2606 ab
377 2559 479 2606 erroro
504 2559 567 2605 nou
583 2539 708 2622 posset?
737 2559 815 2622 puae
840 2542 982 2606 mammo
1006 2547 1052 2608 eet
1075 2543 1169 2624 cntpa

157 2631 313 2713 sapientis.
1061 2643 1063 2647 ‘

227 2718 299 2783 102.Ι
331 2716 463 2800 Aupuct.
495 2735 518 2781 o.
550 2715 669 2780 Iulian.
700 2713 804 2797 Petop.
834 2715 898 2782 11⁷*
914 2720 963 2783 15.
991 2722 1033 2783 76
1065 2717 1100 2782 Τ.
1133 2717 1172 2783 Χ

155 2826 186 2888 p.
213 2811 276 2870 410
302 2804 336 2870 B
349 2825 393 2887 sp.
419 2802 499 2869 Ben.
526 2802 619 2868 Anto.
651 2802 728 2881 Qni'e
759 2822 834 2881 non,
864 2804 941 2886 qnid
964 2807 1169 2887 prospexeris,
1269 2847 1270 2862 .

157 2899 282 2958 cernat?
311 2913 350 2958 ne
380 2892 494 2958 seilicet
522 2892 558 2955 in
588 2892 659 2972 ipsu
684 2891 721 2955 de
747 2890 898 2974 ooieoptate
923 2894 1097 2974 quaestione
1126 2927 1168 2940 —
1183 2910 1209 2952 m

157 2981 340 3048 honestiores
360 2977 537 3064 philosophi
564 2982 592 3044 te
617 2978 787 3056 obruerem,
814 2999 890 3060 qnos
916 2979 1021 3046 Cicero
1040 2985 1171 3062 propter

157 3071 260 3152 ipsam
289 3068 474 3134 honestatem
506 3065 690 3150 ‘tamquam
722 3067 907 3132 consulares
936 3067 1169 3153 philosophos'
1269 3085 1270 3088 ’

157 3157 356 3239 nuncupauit.
1269 3161 1270 3178 ¹

227 3245 298 3310 103.
312 3244 448 3310 Macrim.
465 3239 595 3307 Tanain.
609 3246 729 3307 nuuc.
742 3246 849 3308 contra
861 3263 1003 3326 papanos
1017 3244 1052 3307 Τ.
1065 3243 1175 3309 LVII

155 3351 187 3411 p.
206 3337 270 3396 783
291 3332 408 3415 Miane.
427 3331 510 3396 Fato
535 3330 612 3396 dieis
633 3329 741 3395 omnia
761 3330 846 3412 ficum
868 3333 922 3396 seat
941 3331 1052 3398 emines
1073 3332 1171 3397 enta
1186 3347 1213 3390 u

159 3419 308 3498 loquitur,
335 3424 364 3483 et
389 3437 441 3482 eor
466 3419 533 3483 eins
554 3437 637 3483 oona
658 3417 818 3500 innupte
845 3422 874 3483 et
894 3420 975 3484 eicut
995 3419 1047 3483 iile
1068 3419 1173 3484 aiebat

160 3504 284 3569 Tullius
314 3504 350 3569 in
376 3504 544 3571 Hortensio
570 3505 688 3570 dicens:
719 3503 804 3569 Avia
835 3525 907 3569 mee
939 3505 1066 3572 dicebat
1098 3506 1171 3591 hoo,
