2504 3950
138 173 181 238 96
531 167 580 222 on
599 167 749 224 21112112

137 338 289 400 1121212111
299 353 396 417 quam
405 352 503 416 mors,
518 353 615 415 quam
624 333 810 415 paupertas,
826 351 923 415 quam
933 330 1036 416 dolor,
1051 353 1156 416 quam

138 427 258 506 cetera,
287 441 368 506 quae
396 423 534 505 possunt
562 423 618 484 aut
645 419 773 503 corpori
801 419 943 483 accidere
971 421 1154 486 2111121112

138 511 287 576 externis.
320 507 420 573 ¹Nam
447 507 606 593 principio
634 507 725 572 tollit
739 541 740 548 1
755 507 938 571 convictum
968 507 1154 573 humanum

138 603 171 663 et
195 598 394 664 societatem.
429 593 465 660 Si
487 595 573 660 enim
597 594 936 679 2122111111122112211,Ι
958 598 996 658 ut
1014 600 1155 681 propter

139 709 232 751 suum
261 685 396 770 quisque
424 685 677 748 emolumentum
705 683 824 767 spoliet
856 686 913 747 aut
940 683 1043 748 violet
1071 685 1154 749 alte·
1180 703 1193 742 a

138 797 220 856 rum,
244 771 402 856 disrumpi
423 793 554 837 neeesse
577 774 640 856 est,
664 791 735 836 eam
761 791 843 854 quae
865 771 1005 836 maxime
1029 776 1153 839 estse

85 862 277 928 2222111211
299 865 465 943 naturam,
486 859 621 924 humani
642 858 771 944 generis
794 858 991 938 societatem.
1037 857 1099 944 Ut,
1123 862 1153 925 si

138 972 238 1015 unum
266 948 424 1031 quodque
441 947 624 1024 membrum
651 967 782 1012 sensum
802 947 900 1032 'httne
930 947 1082 1029 haberet,
1095 967 1098 974 ’
1113 953 1152 1013 ut

139 1058 235 1122 posse
262 1038 395 1120 putaret
422 1055 456 1118 se
476 1035 605 1118 valere,
637 1035 666 1099 si
694 1035 843 1119 pronimi¹
861 1035 1000 1100 membri
1025 1036 1152 1102 valetu-

139 1125 247 1190 dinem
270 1123 311 1188 ad
334 1143 369 1188 se
391 1123 605 1207 traduxisset,
636 1122 801 1188 debilitari
828 1125 861 1186 et
875 1123 1017 1188 interire
1040 1128 1151 1190 totum
1167 1145 1193 1183 ιο
1246 1169 1247 1178 1

139 1233 256 1298 eorpus
278 1229 408 1277 neeesse
432 1215 527 1296 esset,
550 1212 606 1296 sio,
629 1211 664 1274 si
680 1229 763 1276 unus
786 1211 921 1295 quisque
938 1215 1090 1296 nostrum
1109 1213 1153 1278 ad

139 1323 174 1366 ee
196 1301 305 1386 rapiat
326 1300 496 1366 commoda
519 1299 658 1365 aliorum
681 1299 909 1384 detrahatque,
927 1299 1012 1383 quod
1035 1301 1152 1386 auique

138 1390 257 1475 possit,
284 1389 496 1454 emolumenti
524 1388 574 1470 sui
602 1388 723 1474 gratia,
753 1387 890 1453 societas
919 1387 1090 1454 hominum
1118 1394 1153 1454 et
1232 1391 1247 1420 '¹

139 1478 355 1544 communitas
378 1480 544 1560 evertatur
566 1495 697 1540 neeesse
721 1479 780 1540 est.
816 1473 904 1546 Nam
922 1475 985 1540 sibi
1007 1480 1046 1540 ut
1064 1477 1153 1561 quis-
1246 1481 1247 1520 ³

140 1587 201 1650 que
225 1565 332 1648 malit,
350 1563 437 1647 quod
455 1565 495 1628 ad
513 1583 609 1627 usum
625 1563 907 1648 ritaepertineat,
932 1583 1029 1648 quam
1053 1565 1153 1630 alteri
1168 1585 1194 1624 15

54 1675 56 1690 ·
139 1653 324 1736 adquirere,
343 1671 531 1716 conoessum
548 1654 600 1715 est
615 1667 685 1715 non*
700 1655 903 1736 repugnante
920 1655 1049 1736 natura,
1066 1653 1153 1718 illud

103 1754 107 1764 '
138 1745 256 1804 natura
278 1760 345 1803 non
371 1739 505 1824 patitur,
526 1742 565 1802 ut
592 1738 731 1803 aliorum
759 1739 873 1823 spoliis
896 1743 1026 1804 nostras
1049 1740 1154 1806 facul·

86 1830 239 1912 2312122,
262 1827 386 1911 copias,
408 1847 487 1912 opes
511 1847 696 1912 augeamus.
733 1824 846 1910 Neque
864 1843 942 1892 vero
960 1828 1023 1893 hoo
1042 1830 1153 1894 solum

137 1921 270 2000 natura,
291 1916 400 1980 idest
421 1915 491 1980 iure
514 1915 674 2001 gentium,
698 1914 754 1979 sed
777 1915 877 1979 etiam
900 1916 1028 2001 legibus
1048 1939 1153 2002 popu·

138 2004 259 2088 lorum,
283 2004 399 2088 quibus
422 2003 457 2067 in
480 2003 619 2088 singulis
641 2002 829 2070 civitatibus
849 2025 901 2068 res
924 2003 1057 2088 publiea
1075 2027 1152 2070 eon·
1167 2024 1193 2063 2⁰

138 2093 274 2174 tinetur,
307 2090 421 2156 eodem
447 2090 544 2155 modo
573 2090 787 2155 constitutum
814 2095 878 2176 est,
901 2095 939 2156 ut
959 2114 1027 2156 non
1047 2093 1153 2158 112221
1246 2089 1247 2176 l

139 2181 190 2243 sui
213 2177 374 2242 commodi
400 2192 498 2242 eausa
524 2198 640 2242 nocere
668 2178 777 2262 alteri3
804 2179 866 2244 hoe
889 2180 975 2244 enim
998 2185 1153 2264 spectant
1246 2191 1247 2256 1

138 2267 242 2351 leges,
263 2264 328 2330 hoe
348 2265 476 2348 volunt,
498 2265 694 2331 ineolumem
716 2287 787 2331 esse
810 2267 929 2332 civium
951 2269 1153 2335 coniunctio·
1246 2285 1247 2322 1

137 2375 226 2438 nem3
253 2373 351 2437 quam
378 2353 439 2436 qui
462 2353 630 2437 dirimunt,
654 2375 709 2420 eos
733 2359 847 2439 morte,
870 2355 999 2440 exsilio,
1021 2357 1153 2442 vinclis,
1246 2415 1247 2464 ,

139 2441 258 2506 damno
280 2443 437 2506 eotrcent.
559 2459 560 2464 ¹
632 2475 635 2486 ·
869 2473 870 2476 ¹
913 2519 916 2523 ι
1166 2463 1193 2504 a
1246 2469 1247 2504 1

205 2528 315 2612 Atque
337 2527 399 2593 hoe
424 2528 529 2593 multo
552 2530 659 2616 magis
682 2529 783 2597 efficit
804 2531 878 2616 ipsa
894 2535 1033 2610 naturae
1052 2535 1151 2619 ratio,
1246 2537 1247 2620 ξ

139 2639 221 2701 quae
244 2619 295 2681 est
318 2616 371 2680 lex
393 2616 502 2682 divina
529 2620 562 2681 et
584 2617 740 2702 humana3
767 2619 819 2684 eui
845 2638 960 2704 parere
988 2621 1045 2705 qui
1066 2623 1152 2688 velit
1246 2641 1247 2656 ¹

138 2705 265 2790 (omnes
284 2708 393 2770 autem
411 2705 586 2791 parebunt,
601 2706 657 2788 qui
676 2707 852 2771 seeundum
869 2712 1021 2774 naturam
1034 2711 1152 2776 volent
1246 2705 1247 2730 ³

76 2846 78 2850 .
138 2793 277 2878 vivere),
302 2812 481 2877 numquam
503 2793 700 2878 committet,
726 2797 771 2858 ut
791 2795 933 2860 alienum
956 2801 1092 2882 appetat
1115 2803 1152 2862 et
1246 2797 1247 2828 l

86 2898 120 2946 24
138 2881 185 2964 id,
222 2880 309 2964 quod
341 2881 447 2944 alteri
473 2879 663 2964 detraxerit,
702 2881 765 2944 sibi
802 2881 982 2948 adsumat
1012 2883 1149 2950 Etenim
1164 2905 1191 2945 22
1246 2901 1247 2948 ῖ

138 2968 243 3034 multo
266 2968 380 3053 magis
399 2971 451 3033 est
479 2968 653 3033 seeundum
675 2972 828 3056 naturam
842 2972 1022 3036 »excelsitas
1047 2974 1152 3038 animi

138 3061 171 3121 et
206 3056 397 3142 magnitudo
429 3055 572 3138 itemque
604 3056 755 3141 eomitas',
791 3057 932 3143 iustitia,
965 3060 1151 3126 liberalitas

138 3166 236 3227 quam
258 3145 427 3229 voluptas,
450 3164 549 3226 quam
566 3143 653 3227 sita,
676 3166 775 3228 quam
797 3145 945 3231 divitiam
973 3167 1055 3232 quae
1079 3150 1152 3233 qni·
1246 3187 1247 3194 1

138 3231 210 3295 dem
242 3236 447 3296 contemnere
479 3235 512 3296 et
543 3253 603 3316 pro
629 3228 733 3296 nihilo
761 3233 875 3298 ducere
903 3241 1152 3322 comparantem

138 3339 211 3382 oum
240 3319 384 3382 utilitate
414 3319 577 3384 communi
606 3320 718 3405 magni
746 3321 846 3385 animi
878 3327 912 3387 et
938 3325 1060 3389 excelsi
1088 3330 1150 3390 est.
1166 3343 1194 3386 22

138 3404 331 3485 [Detrahere
350 3409 459 3470 antem
478 3407 516 3470 de
536 3407 639 3472 altero
663 3409 714 3472 sui
736 3409 897 3473 commodi
920 3431 1018 3476 eausa
1039 3413 1150 3498 magis

137 3495 187 3556 est
215 3495 329 3556 eontra
355 3496 507 3558 naturam
535 3517 633 3578 quam
661 3517 763 3580 mora,
791 3517 889 3580 qnam
906 3499 1019 3584 dolor,
1047 3522 1150 3583 quam
1246 3515 1247 3518 ’
