2578 3950
417 205 493 263 OAP.
513 211 556 276 22,
576 211 618 262 22.
655 211 802 274 222-22.
872 149 875 160 1
1040 209 1104 274 161

113 365 271 432 convenire
293 383 381 451 aveo,
397 387 485 450 quos
508 366 577 452 ipse
601 368 747 454 cognovi,
771 368 827 434 sed
843 368 972 435 1112222
939 369 1047 453 221222,
1067 370 1105 434 de

113 449 226 538 quibus
240 453 418 519 22212122
388 455 580 540 2122122·
571 476 641 540 ipse
664 456 849 540 conscripsi.
886 456 956 533 Quo
976 458 1105 543 quidem

113 564 156 606 me
176 543 436 627 proficiseenddni
453 543 557 608 122221
548 554 654 608 2222·
651 545 743 628 quis
737 544 841 609 122112
859 547 1031 610 retraxeris
1046 567 1105 612 neo

112 634 267 715 tamquam
288 630 420 696 Peiiem
436 632 609 697 2222222211.
636 631 733 697 sess
755 631 1023 717 22122222221111
1041 636 1103 700 122-

92 719 223 803 2212122,
245 723 284 784 21
306 741 344 785 ex
366 719 428 785 1222
451 723 557 786 221212
580 742 804 805 repuerascam
827 723 860 785 21
882 721 917 786 in
940 722 1029 786 22212
1052 743 1105 787 22-

112 807 200 892 gitum,
232 807 328 873 valde
350 805 499 891 freousem
527 830 586 874 neo
611 829 688 874 vero
716 809 814 874 velim
846 811 940 893 qussi
972 809 1104 875 decurso

112 895 205 978 spatio
229 895 271 961 ad
289 917 432 961 carceres
452 918 472 960 a
490 896 577 962 22122
595 897 749 963 revocari.
795 897 997 972 (1212122221
1020 898 1105 964 enim
1124 905 1159 956 84

113 983 171 1048 2112
192 983 375 1049 commodi?
404 984 481 1068 quid
503 1006 568 1050 non
591 989 649 1070 poi
634 985 699 1051 1122
723 986 868 1052 laboris?
900 985 963 1051 Sed
985 987 1105 1051 1222221

112 1093 188 1155 2222,
219 1072 321 1137 hebet
344 1075 430 1137 22212
457 1075 569 1138 iumen
591 1077 648 1138 221
678 1074 862 1140 2211212122]
887 1078 943 1140 221
965 1075 1105 1140 modum.

83 1157 288 1225 2112212121
312 1160 398 1226 enim
421 1160 502 1225 mihi
525 1161 693 1246 deplorare
711 1162 823 1245 211222,
847 1162 932 1245 quod
950 1164 1105 1247 mulsit
1073 1168 1105 1228 21

110 1247 248 1333 1122211,
281 1267 378 1349 saepe
404 1246 563 1333 fecerunt,
594 1271 698 1333 neque
725 1271 777 1314 me
804 1249 923 1314 vixisse
952 1214 1105 1335 22221121,

111 1336 250 1418 quoniam
274 1337 323 1401 112
342 1336 477 1419 212121
496 1358 562 1416 non
575 1336 699 1402 frustra
712 1359 763 1404 me
777 1341 892 1403 221222
906 1339 1106 1422 existumem,

111 1427 138 1487 1
111 1445 193 1488 ex
215 1387 752 1508 211212212212222212221122222-22
770 1425 923 1510 hospitio,
944 1429 1106 1490 22121222-

110 1533 194 1594 quem
216 1535 235 1577 2
259 1513 365 1578 domo.
395 1510 624 1580 Commorandi
643 1513 728 1578 enim
747 1518 865 1579 221222
884 1515 1106 1579 devorsorium

82 1601 201 1684 euobis,
222 1622 291 1666 non
313 1600 497 1666 habitandi
507 1600 603 1667 dedit
640 1601 666 1666 Ο
689 1603 893 1687 praeclarum
917 1602 1010 1687 diem,
1034 1625 1105 1668 eum

109 1688 138 1752 12
157 1651 237 1754 1111221
263 1688 408 1754 divinum
432 1689 613 1754 animorum
636 1691 807 1756 concilium
826 1694 1016 1775 coetumque
1034 1713 1107 1777 pro-

109 1775 222 1842 1212222
246 1798 385 1861 cumque
408 1799 447 1842 ex
469 1776 531 1842 hoo
552 1780 650 1844 turbe
668 1782 701 1844 21
721 1778 911 1880 conluvione
930 1779 1105 1844 discedam!

109 1861 290 1932 Proficisoar
317 1865 403 1930 enim
424 1865 632 1931 22222222
661 1867 767 1930 solum
794 1865 895 1949 viros,
923 1867 961 1930 de
989 1868 1106 1951 quibus

110 1956 175 2018 2212
196 1954 274 2037 dixi,
296 1975 408 2020 verum
430 1954 537 2020 211222
552 1954 593 2020 22
612 1953 769 2020 Catonem
787 1975 904 2036 meum,
927 1975 990 2037 quo
1010 1975 1105 2018 nemo

81 2041 151 2104 2212
167 2042 283 2108 melior
305 2045 482 2126 221-22-,221
503 2063 599 2108 nemo
617 2042 739 2127 pietsei
761 2041 1106 2127 praeterissemus

111 2150 192 2194 ame
218 2151 358 2214 eorpus
356 2115 418 2195 221
445 2133 637 2215 oromatum,
669 2130 755 2216 quod
778 2133 853 2196 2221
854 2151 891 2196 ra
838 2130 1032 2215 1222211,
1065 2130 1106 2196 ab

109 2215 158 2282 1112
188 2235 312 2304 meum,
345 2218 470 2284 animus
503 2231 583 2284 vero
606 2241 671 2283 non
702 2239 753 2284 me
781 2219 944 2305 deserens,
977 2181 1033 2284 sed
1060 2239 1107 2284 re-

111 2306 284 2388 22221222·
274 2328 309 2371 m
332 2329 370 2372 22
379 2306 537 2391 profesio
561 2308 634 2373 1222
657 2307 804 2373 (12222222
789 2311 820 2393 ,
849 2330 912 2392 quo
934 2270 1052 2373 1221121·
1043 2307 1107 2392 ipsi

111 2395 263 2461 cernebat
282 2415 353 2461 2222
380 2394 581 2462 veniendum.
626 2393 728 2472 Quem
763 2415 824 2482 ego
857 2417 964 2461 meum
996 2415 1107 2460 ossum

82 2480 193 2548 2122112
178 2487 230 2549 222
252 2481 388 2548 ferre'
356 2503 458 2548 22222
465 2504 546 2566 sum,
568 2504 633 2548 non
647 2502 711 2567 quo
730 2505 834 2567 aequo
853 2484 961 2548 animo
979 2483 1107 2568 ferrem,

110 2570 157 2635 sed
179 2593 231 2637 me
255 2571 326 2659 ipse
349 2571 542 2636 2222212222
572 2571 769 2636 existumans
796 2593 863 2636 non
891 2572 1107 2656 longinquum

110 2657 185 2726 122122
220 2681 282 2726 nos
323 2659 505 2744 digressum
539 2660 779 2726 212122222222
811 2659 889 2724 fore.
933 2658 995 2723 His
1027 2659 1161 2724 mihies

110 2747 206 2831 rebus,
230 2746 348 2833 Soipio,
371 2745 418 2832 (id
441 2747 527 2812 enim
549 2751 583 2813 12
604 2769 677 2814 oum
694 2747 806 2812 Laelio
830 2745 984 2812 admirari
1003 2747 1107 2811 solere
1138 2751 1141 2758 ·

110 2833 227 2924 dixisti)
250 2835 332 2901 12212
355 2839 406 2900 221
426 2839 583 2920 22222122,
600 2858 659 2901 nee
678 2835 783 2902 solum
802 2855 868 2900 non
886 2835 1033 2920 22212212,
1053 2833 1108 2900 sed

81 2923 202 2988 2211222
225 2923 372 2990 iucunde.
409 2921 531 3000 Quodsi
557 2925 591 2989 in
618 2925 680 2990 hoc
708 2945 793 3006 erro,
822 2923 877 3007 qui
900 2923 1025 2988 animos
1052 2923 1108 2989 ho·

111 3011 228 3077 minum
258 3012 448 3077 inmortales
485 3033 554 3076 esse
591 3012 732 3097 credam,
769 3011 916 3090 11222122Ι
946 3033 1017 3076 erro
1050 3032 1108 3076 neo

110 3099 183 3164 mihi
205 3099 294 3166 hune
310 3121 460 3185 errorem,
480 3121 543 3184 quo
563 3099 712 3184 delector,
732 3099 808 3165 dum
820 3100 906 3182 2122,
925 3097 1109 3181 extorqueri

109 3187 192 3272 volo3
217 3189 266 3253 212
289 3191 452 3273 morinus,
475 3194 512 3252 21
536 3188 666 3273 quidam
689 3188 806 3253 2212211
828 3185 1017 3273 philosophi
1040 3207 1110 3251 een-

111 3280 185 3360 2221,
207 3277 290 3342 211211
314 3275 461 3360 2221122,
479 3285 544 3342 222
557 3297 680 3361 vereor,
692 3297 735 3340 ne
747 3276 833 3341 12222
847 3295 989 3340 errorem
1002 3296 1110 3340 meum

80 3361 297 3450 2221112222121
320 3365 442 3430 mortui
471 3364 638 3431 12122221.
615 3362 815 3468 iQuodsi
827 3385 895 3429 non
922 3384 1032 3429 sumus
1064 3364 1110 3428 in-

111 3452 535 3538 22212122121221,122222
562 3453 708 3539 extingui
730 3451 866 3518 homini
878 3473 935 3518 suo
964 3455 1110 3536 tempore

112 3540 250 3622 optabile
282 3545 342 3607 22.
318 3540 474 3607 tNam
495 3541 596 3607 122221
581 3545 732 3607 1221222
749 3546 785 3606 21
809 3541 945 3608 alierum
966 3538 1111 3606 omnium

160 3651 214 3696 oro
225 3653 299 3698 222.
866 3648 897 3697 22
