<?xml version="1.0" encoding="UTF-8"?>
<!DOCTYPE html PUBLIC "-//W3C//DTD XHTML 1.0 Transitional//EN"
    "http://www.w3.org/TR/xhtml1/DTD/xhtml1-transitional.dtd">
<html xmlns="http://www.w3.org/1999/xhtml" xml:lang="en" lang="en">
 <head>
  <title>
</title>
<meta http-equiv="Content-Type" content="text/html;charset=utf-8" />
  <meta name='ocr-system' content='tesseract 3.04.00' />
  <meta name='ocr-capabilities' content='ocr_page ocr_carea ocr_par ocr_line ocrx_word'/>
</head>
<body>
  <div class='ocr_page' id='page_1' title='image "./mtulliiciceroni04mlgoog_0147.png"; bbox 0 0 2504 3950; ppageno 0'>
   <div class='ocr_carea' id='block_1_1' title="bbox 142 145 753 218">
    <p class='ocr_par' dir='ltr' id='par_1_1' title="bbox 142 145 753 218">
     <span class='ocr_line' id='line_1_1' title="bbox 142 145 753 218; baseline 0 -16"><span class='ocrx_word' id='word_1_1' title='bbox 142 155 198 218; x_wconf 55' lang='lat'><strong>342</strong></span> <span class='ocrx_word' id='word_1_2' title='bbox 533 145 753 204; x_wconf 78' lang='lat' dir='ltr'><strong>nnouuions</strong></span> 
     </span>
    </p>
   </div>
   <div class='ocr_carea' id='block_1_2' title="bbox 57 307 1250 3560">
    <p class='ocr_par' dir='ltr' id='par_1_2' title="bbox 57 307 1250 3560">
     <span class='ocr_line' id='line_1_2' title="bbox 141 307 1162 378; baseline -0.003 0"><span class='ocrx_word' id='word_1_3' title='bbox 141 313 218 378; x_wconf 89' lang='lat' dir='ltr'><strong>lerit</strong></span> <span class='ocrx_word' id='word_1_4' title='bbox 244 310 451 376; x_wconf 86' lang='lat' dir='ltr'><strong>tributorum.</strong></span> <span class='ocrx_word' id='word_1_5' title='bbox 496 307 543 374; x_wconf 82' lang='lat' dir='ltr'><strong>At</strong></span> <span class='ocrx_word' id='word_1_6' title='bbox 569 308 624 374; x_wconf 91' lang='lat' dir='ltr'><strong>hic</strong></span> <span class='ocrx_word' id='word_1_7' title='bbox 650 308 732 373; x_wconf 92' lang='lat' dir='ltr'>nihil</span> <span class='ocrx_word' id='word_1_8' title='bbox 761 307 893 374; x_wconf 89' lang='lat' dir='ltr'><strong>domum</strong></span> <span class='ocrx_word' id='word_1_9' title='bbox 920 327 1013 374; x_wconf 80' lang='lat' dir='ltr'><strong>suam</strong></span> <span class='ocrx_word' id='word_1_10' title='bbox 1042 307 1162 375; x_wconf 89' lang='lat' dir='ltr'><strong>intulit</strong></span> 
     </span>
     <span class='ocr_line' id='line_1_3' title="bbox 142 394 1158 487; baseline -0.004 -21"><span class='ocrx_word' id='word_1_11' title='bbox 142 404 273 487; x_wconf 87' lang='lat' dir='ltr'><strong>praeter</strong></span> <span class='ocrx_word' id='word_1_12' title='bbox 304 397 495 464; x_wconf 82' lang='lat' dir='ltr'>memoriam</span> <span class='ocrx_word' id='word_1_13' title='bbox 526 397 667 462; x_wconf 87' lang='lat' dir='ltr'><strong>nominis</strong></span> <span class='ocrx_word' id='word_1_14' title='bbox 705 396 946 480; x_wconf 85' lang='lat' dir='ltr'><strong>sempiternam.</strong></span> <span class='ocrx_word' id='word_1_15' title='bbox 998 394 1158 464; x_wconf 78' lang='lat' dir='ltr'><strong>Imitatus</strong></span> 
     </span>
     <span class='ocr_line' id='line_1_4' title="bbox 142 481 1158 574; baseline -0.003 -21"><span class='ocrx_word' id='word_1_16' title='bbox 142 493 270 574; x_wconf 86' lang='lat' dir='ltr'><strong>patrem</strong></span> <span class='ocrx_word' id='word_1_17' title='bbox 288 485 462 550; x_wconf 82' lang='lat' dir='ltr'><strong>Africanus</strong></span> <span class='ocrx_word' id='word_1_18' title='bbox 480 485 584 550; x_wconf 85' lang='lat' dir='ltr'><strong>nihilo</strong></span> <span class='ocrx_word' id='word_1_19' title='bbox 603 483 798 568; x_wconf 66' lang='lat' dir='ltr'><strong>locupletior</strong></span> <span class='ocrx_word' id='word_1_20' title='bbox 812 481 1012 570; x_wconf 81' lang='lat' dir='ltr'><strong>Carthagine</strong></span> <span class='ocrx_word' id='word_1_21' title='bbox 1031 505 1158 550; x_wconf 80' lang='lat' dir='ltr'><strong>euersa.</strong></span> 
     </span>
     <span class='ocr_line' id='line_1_5' title="bbox 143 570 1158 661; baseline -0.003 -20"><span class='ocrx_word' id='word_1_22' title='bbox 143 576 248 651; x_wconf 82' lang='lat' dir='ltr'><strong>Quid?</strong></span> <span class='ocrx_word' id='word_1_23' title='bbox 276 574 332 661; x_wconf 91' lang='lat' dir='ltr'><strong>qui</strong></span> <span class='ocrx_word' id='word_1_24' title='bbox 354 573 423 640; x_wconf 88' lang='lat' dir='ltr'><strong>eius</strong></span> <span class='ocrx_word' id='word_1_25' title='bbox 447 574 574 659; x_wconf 83' lang='lat' dir='ltr'><strong>collega</strong></span> <span class='ocrx_word' id='word_1_26' title='bbox 595 572 659 638; x_wconf 90' lang='lat' dir='ltr'><strong>fuit</strong></span> <span class='ocrx_word' id='word_1_27' title='bbox 680 572 716 638; x_wconf 92' lang='lat' dir='ltr'><strong>in</strong></span> <span class='ocrx_word' id='word_1_28' title='bbox 738 593 887 656; x_wconf 78' lang='lat' dir='ltr'><strong>censura,</strong></span> <span class='ocrx_word' id='word_1_29' title='bbox 910 571 945 636; x_wconf 90' lang='lat' dir='ltr'><strong>L.</strong></span> <span class='ocrx_word' id='word_1_30' title='bbox 968 570 1158 657; x_wconf 84' lang='lat' dir='ltr'><strong>Mummius,</strong></span> 
     </span>
     <span class='ocr_line' id='line_1_6' title="bbox 141 659 1250 748; baseline -0.004 -19"><span class='ocrx_word' id='word_1_31' title='bbox 141 662 299 748; x_wconf 90' lang='lat' dir='ltr'><strong>numquid</strong></span> <span class='ocrx_word' id='word_1_32' title='bbox 321 661 495 747; x_wconf 88' lang='lat' dir='ltr'><strong>copiosior,</strong></span> <span class='ocrx_word' id='word_1_33' title='bbox 523 682 596 726; x_wconf 89' lang='lat' dir='ltr'><strong>cum</strong></span> <span class='ocrx_word' id='word_1_34' title='bbox 623 659 882 746; x_wconf 86' lang='lat' dir='ltr'><strong>copiosissimam</strong></span> <span class='ocrx_word' id='word_1_35' title='bbox 908 660 1023 724; x_wconf 88' lang='lat' dir='ltr'><strong>urbem</strong></span> <span class='ocrx_word' id='word_1_36' title='bbox 1051 660 1159 726; x_wconf 90' lang='lat' dir='ltr'><strong>fundi-</strong></span> <span class='ocrx_word' id='word_1_37' title='bbox 1187 675 1199 716; x_wconf 84' lang='lat'>⁵</span> <span class='ocrx_word' id='word_1_38' title='bbox 1249 663 1250 718; x_wconf 87' lang='lat' dir='ltr'><strong>l</strong></span> 
     </span>
     <span class='ocr_line' id='line_1_7' title="bbox 143 748 1250 832; baseline -0.002 -16"><span class='ocrx_word' id='word_1_39' title='bbox 143 757 204 817; x_wconf 86' lang='lat' dir='ltr'><strong>tus¹</strong></span> <span class='ocrx_word' id='word_1_40' title='bbox 223 749 433 817; x_wconf 84' lang='lat' dir='ltr'><strong>sustulisset?</strong></span> <span class='ocrx_word' id='word_1_41' title='bbox 478 749 609 816; x_wconf 87' lang='lat' dir='ltr'><strong>Italiam</strong></span> <span class='ocrx_word' id='word_1_42' title='bbox 637 769 753 813; x_wconf 84' lang='lat' dir='ltr'><strong>ornare</strong></span> <span class='ocrx_word' id='word_1_43' title='bbox 780 769 879 832; x_wconf 88' lang='lat' dir='ltr'><strong>quam</strong></span> <span class='ocrx_word' id='word_1_44' title='bbox 905 748 1037 816; x_wconf 88' lang='lat' dir='ltr'><strong>domum</strong></span> <span class='ocrx_word' id='word_1_45' title='bbox 1062 770 1158 814; x_wconf 88' lang='lat' dir='ltr'><strong>snam</strong></span> <span class='ocrx_word' id='word_1_46' title='bbox 1249 749 1250 754; x_wconf 72' lang='grc'>’</span> 
     </span>
     <span class='ocr_line' id='line_1_8' title="bbox 143 834 1158 924; baseline -0.003 -19"><span class='ocrx_word' id='word_1_47' title='bbox 143 840 272 924; x_wconf 82' lang='lat' dir='ltr'><strong>maluit3</strong></span> <span class='ocrx_word' id='word_1_48' title='bbox 292 859 489 924; x_wconf 88' lang='lat' dir='ltr'><strong>quamquam</strong></span> <span class='ocrx_word' id='word_1_49' title='bbox 502 834 601 901; x_wconf 86' lang='lat' dir='ltr'><strong>Italia</strong></span> <span class='ocrx_word' id='word_1_50' title='bbox 620 841 736 902; x_wconf 83' lang='lat' dir='ltr'><strong>ornata</strong></span> <span class='ocrx_word' id='word_1_51' title='bbox 754 835 868 902; x_wconf 87' lang='lat' dir='ltr'><strong>domus</strong></span> <span class='ocrx_word' id='word_1_52' title='bbox 886 836 960 920; x_wconf 88' lang='lat' dir='ltr'><strong>ipsa</strong></span> <span class='ocrx_word' id='word_1_53' title='bbox 972 836 1055 902; x_wconf 90' lang='lat' dir='ltr'><strong>mihi</strong></span> <span class='ocrx_word' id='word_1_54' title='bbox 1071 837 1158 902; x_wconf 86' lang='lat' dir='ltr'><strong>vide-</strong></span> 
     </span>
     <span class='ocr_line' id='line_1_9' title="bbox 90 923 1158 1009; baseline -0.004 -14"><span class='ocrx_word' id='word_1_55' title='bbox 90 946 123 996; x_wconf 78' lang='lat' dir='ltr'><strong>ut</strong></span> <span class='ocrx_word' id='word_1_56' title='bbox 143 933 197 994; x_wconf 88' lang='lat' dir='ltr'><strong>tur</strong></span> <span class='ocrx_word' id='word_1_57' title='bbox 218 927 378 992; x_wconf 86' lang='lat' dir='ltr'><strong>ornatior.</strong></span> <span class='ocrx_word' id='word_1_58' title='bbox 423 923 560 991; x_wconf 88' lang='lat' dir='ltr'><strong>Nullum</strong></span> <span class='ocrx_word' id='word_1_59' title='bbox 588 925 690 1009; x_wconf 83' lang='lat' dir='ltr'><strong>igitur</strong></span> <span class='ocrx_word' id='word_1_60' title='bbox 716 924 833 989; x_wconf 84' lang='lat' dir='ltr'><strong>vitium</strong></span> <span class='ocrx_word' id='word_1_61' title='bbox 860 923 997 990; x_wconf 84' lang='lat' dir='ltr'><strong>taetrius</strong></span> <span class='ocrx_word' id='word_1_62' title='bbox 1026 928 1091 1008; x_wconf 86' lang='lat' dir='ltr'><strong>est,</strong></span> <span class='ocrx_word' id='word_1_63' title='bbox 1119 931 1158 991; x_wconf 91' lang='lat' dir='ltr'><strong>ut</strong></span> 
     </span>
     <span class='ocr_line' id='line_1_10' title="bbox 143 1011 1250 1100; baseline -0.004 -19"><span class='ocrx_word' id='word_1_64' title='bbox 143 1036 190 1100; x_wconf 90' lang='lat' dir='ltr'><strong>eo,</strong></span> <span class='ocrx_word' id='word_1_65' title='bbox 209 1015 297 1079; x_wconf 67' lang='lat' dir='ltr'><strong>&#39;unde</strong></span> <span class='ocrx_word' id='word_1_66' title='bbox 320 1034 452 1100; x_wconf 83' lang='lat' dir='ltr'><strong>egressa</strong></span> <span class='ocrx_word' id='word_1_67' title='bbox 470 1017 529 1096; x_wconf 88' lang='lat' dir='ltr'><strong>est,</strong></span> <span class='ocrx_word' id='word_1_68' title='bbox 552 1011 673 1078; x_wconf 84' lang='lat' dir='ltr'><strong>referat</strong></span> <span class='ocrx_word' id='word_1_69' title='bbox 695 1033 730 1077; x_wconf 87' lang='lat' dir='ltr'><strong>se</strong></span> <span class='ocrx_word' id='word_1_70' title='bbox 750 1013 865 1094; x_wconf 87' lang='lat' dir='ltr'><strong>oratio,</strong></span> <span class='ocrx_word' id='word_1_71' title='bbox 889 1033 987 1097; x_wconf 83' lang='lat' dir='ltr'><strong>quam</strong></span> <span class='ocrx_word' id='word_1_72' title='bbox 1006 1013 1157 1097; x_wconf 80' lang='lat' dir='ltr'><strong>avaritia,</strong></span> <span class='ocrx_word' id='word_1_73' title='bbox 1249 1067 1250 1088; x_wconf 41' lang='lat'>2</span> 
     </span>
     <span class='ocr_line' id='line_1_11' title="bbox 142 1101 1199 1188; baseline -0.002 -20"><span class='ocrx_word' id='word_1_74' title='bbox 142 1102 336 1188; x_wconf 87' lang='lat' dir='ltr'><strong>praesertim</strong></span> <span class='ocrx_word' id='word_1_75' title='bbox 358 1101 394 1166; x_wconf 90' lang='lat' dir='ltr'><strong>in</strong></span> <span class='ocrx_word' id='word_1_76' title='bbox 414 1101 615 1186; x_wconf 88' lang='lat' dir='ltr'><strong>principibus</strong></span> <span class='ocrx_word' id='word_1_77' title='bbox 639 1104 672 1165; x_wconf 90' lang='lat' dir='ltr'><strong>et</strong></span> <span class='ocrx_word' id='word_1_78' title='bbox 694 1121 763 1166; x_wconf 85' lang='lat' dir='ltr'><strong>rem</strong></span> <span class='ocrx_word' id='word_1_79' title='bbox 785 1101 949 1186; x_wconf 86' lang='lat' dir='ltr'><strong>publicam</strong></span> <span class='ocrx_word' id='word_1_80' title='bbox 972 1101 1157 1186; x_wconf 85' lang='lat' dir='ltr'><strong>gnbernan·</strong></span> <span class='ocrx_word' id='word_1_81' title='bbox 1173 1117 1199 1156; x_wconf 87' lang='lat'><strong>1⁰</strong></span> 
     </span>
     <span class='ocr_line' id='line_1_12' title="bbox 142 1188 1156 1274; baseline 0.001 -19"><span class='ocrx_word' id='word_1_82' title='bbox 142 1191 240 1256; x_wconf 89' lang='lat' dir='ltr'><strong>tibus.</strong></span> <span class='ocrx_word' id='word_1_83' title='bbox 276 1189 406 1255; x_wconf 87' lang='lat' dir='ltr'><strong>Habere</strong></span> <span class='ocrx_word' id='word_1_84' title='bbox 430 1189 515 1254; x_wconf 90' lang='lat' dir='ltr'><strong>enim</strong></span> <span class='ocrx_word' id='word_1_85' title='bbox 535 1189 684 1274; x_wconf 87' lang='lat' dir='ltr'><strong>quaestui</strong></span> <span class='ocrx_word' id='word_1_86' title='bbox 702 1209 770 1253; x_wconf 90' lang='lat' dir='ltr'><strong>rem</strong></span> <span class='ocrx_word' id='word_1_87' title='bbox 788 1188 954 1274; x_wconf 86' lang='lat' dir='ltr'><strong>publicam</strong></span> <span class='ocrx_word' id='word_1_88' title='bbox 971 1209 1038 1253; x_wconf 90' lang='lat' dir='ltr'><strong>non</strong></span> <span class='ocrx_word' id='word_1_89' title='bbox 1058 1190 1156 1257; x_wconf 89' lang='lat' dir='ltr'><strong>modo</strong></span> 
     </span>
     <span class='ocr_line' id='line_1_13' title="bbox 142 1275 1250 1364; baseline 0.002 -20"><span class='ocrx_word' id='word_1_90' title='bbox 142 1283 238 1364; x_wconf 82' lang='lat' dir='ltr'><strong>turpe</strong></span> <span class='ocrx_word' id='word_1_91' title='bbox 262 1282 327 1362; x_wconf 89' lang='lat' dir='ltr'><strong>est,</strong></span> <span class='ocrx_word' id='word_1_92' title='bbox 350 1277 406 1342; x_wconf 91' lang='lat' dir='ltr'><strong>sed</strong></span> <span class='ocrx_word' id='word_1_93' title='bbox 429 1278 621 1342; x_wconf 87' lang='lat' dir='ltr'><strong>sceleratum</strong></span> <span class='ocrx_word' id='word_1_94' title='bbox 644 1276 745 1341; x_wconf 89' lang='lat' dir='ltr'><strong>etiam</strong></span> <span class='ocrx_word' id='word_1_95' title='bbox 768 1279 801 1340; x_wconf 88' lang='lat' dir='ltr'><strong>et</strong></span> <span class='ocrx_word' id='word_1_96' title='bbox 823 1276 992 1342; x_wconf 82' lang='lat' dir='ltr'><strong>nefarium.</strong></span> <span class='ocrx_word' id='word_1_97' title='bbox 1027 1275 1157 1362; x_wconf 88' lang='lat' dir='ltr'><strong>Itaque,</strong></span> <span class='ocrx_word' id='word_1_98' title='bbox 1249 1295 1250 1346; x_wconf 69' lang='lat'>1</span> 
     </span>
     <span class='ocr_line' id='line_1_14' title="bbox 142 1355 1250 1452; baseline -0.002 -20"><span class='ocrx_word' id='word_1_99' title='bbox 142 1367 230 1452; x_wconf 90' lang='lat' dir='ltr'><strong>quod</strong></span> <span class='ocrx_word' id='word_1_100' title='bbox 257 1365 378 1452; x_wconf 85' lang='lat' dir='ltr'><strong>Apollo</strong></span> <span class='ocrx_word' id='word_1_101' title='bbox 401 1365 539 1450; x_wconf 85' lang='lat' dir='ltr'><strong>Pythius</strong></span> <span class='ocrx_word' id='word_1_102' title='bbox 568 1365 713 1430; x_wconf 87' lang='lat' dir='ltr'><strong>oraclum</strong></span> <span class='ocrx_word' id='word_1_103' title='bbox 740 1363 854 1449; x_wconf 83' lang='lat' dir='ltr'><strong>edidit,</strong></span> <span class='ocrx_word' id='word_1_104' title='bbox 881 1361 1034 1449; x_wconf 82' lang='lat' dir='ltr'><strong>Spartam</strong></span> <span class='ocrx_word' id='word_1_105' title='bbox 1061 1366 1157 1430; x_wconf 88' lang='lat' dir='ltr'><strong>nulla</strong></span> <span class='ocrx_word' id='word_1_106' title='bbox 1249 1355 1250 1420; x_wconf 72' lang='grc' dir='ltr'>Ῐ</span> 
     </span>
     <span class='ocr_line' id='line_1_15' title="bbox 142 1451 1157 1538; baseline -0.002 -17"><span class='ocrx_word' id='word_1_107' title='bbox 142 1478 177 1521; x_wconf 88' lang='lat' dir='ltr'><strong>re</strong></span> <span class='ocrx_word' id='word_1_108' title='bbox 205 1455 271 1521; x_wconf 87' lang='lat' dir='ltr'><strong>alia</strong></span> <span class='ocrx_word' id='word_1_109' title='bbox 297 1455 362 1520; x_wconf 87' lang='lat' dir='ltr'><strong>nisi</strong></span> <span class='ocrx_word' id='word_1_110' title='bbox 389 1453 529 1518; x_wconf 85' lang='lat' dir='ltr'><strong>avaritia</strong></span> <span class='ocrx_word' id='word_1_111' title='bbox 555 1473 625 1517; x_wconf 90' lang='lat' dir='ltr'><strong>esse</strong></span> <span class='ocrx_word' id='word_1_112' title='bbox 652 1453 845 1538; x_wconf 85' lang='lat' dir='ltr'><strong>perituram,</strong></span> <span class='ocrx_word' id='word_1_113' title='bbox 872 1451 906 1515; x_wconf 92' lang='lat' dir='ltr'><strong>id</strong></span> <span class='ocrx_word' id='word_1_114' title='bbox 934 1451 1062 1517; x_wconf 86' lang='lat' dir='ltr'><strong>videtur</strong></span> <span class='ocrx_word' id='word_1_115' title='bbox 1088 1476 1157 1519; x_wconf 89' lang='lat' dir='ltr'><strong>non</strong></span> 
     </span>
     <span class='ocr_line' id='line_1_16' title="bbox 143 1537 1250 1625; baseline -0.003 -16"><span class='ocrx_word' id='word_1_116' title='bbox 143 1544 249 1609; x_wconf 88' lang='lat' dir='ltr'><strong>solum</strong></span> <span class='ocrx_word' id='word_1_117' title='bbox 278 1541 556 1624; x_wconf 78' lang='lat' dir='ltr'><strong>Lacedaemoniis,</strong></span> <span class='ocrx_word' id='word_1_118' title='bbox 588 1539 644 1604; x_wconf 90' lang='lat' dir='ltr'><strong>sed</strong></span> <span class='ocrx_word' id='word_1_119' title='bbox 675 1541 775 1605; x_wconf 89' lang='lat' dir='ltr'><strong>etiam</strong></span> <span class='ocrx_word' id='word_1_120' title='bbox 807 1540 956 1606; x_wconf 85' lang='lat' dir='ltr'><strong>omnibus</strong></span> <span class='ocrx_word' id='word_1_121' title='bbox 989 1542 1156 1625; x_wconf 90' lang='lat' dir='ltr'><strong>opulentis</strong></span> <span class='ocrx_word' id='word_1_122' title='bbox 1172 1555 1198 1596; x_wconf 82' lang='lat'><strong>¹⁵</strong></span> <span class='ocrx_word' id='word_1_123' title='bbox 1249 1537 1250 1622; x_wconf 83' lang='lat' dir='ltr'>j</span> 
     </span>
     <span class='ocr_line' id='line_1_17' title="bbox 141 1625 1250 1716; baseline -0.001 -21"><span class='ocrx_word' id='word_1_124' title='bbox 141 1631 272 1716; x_wconf 85' lang='lat' dir='ltr'><strong>populis</strong></span> <span class='ocrx_word' id='word_1_125' title='bbox 299 1627 506 1714; x_wconf 77' lang='lat' dir='ltr'><strong>praedixisse.</strong></span> <span class='ocrx_word' id='word_1_126' title='bbox 551 1625 654 1692; x_wconf 88' lang='lat' dir='ltr'><strong>Nulla</strong></span> <span class='ocrx_word' id='word_1_127' title='bbox 680 1631 791 1693; x_wconf 89' lang='lat' dir='ltr'><strong>autem</strong></span> <span class='ocrx_word' id='word_1_128' title='bbox 818 1649 853 1692; x_wconf 91' lang='lat' dir='ltr'><strong>re</strong></span> <span class='ocrx_word' id='word_1_129' title='bbox 881 1628 1053 1694; x_wconf 87' lang='lat' dir='ltr'><strong>conciliare</strong></span> <span class='ocrx_word' id='word_1_130' title='bbox 1076 1629 1156 1696; x_wconf 86' lang='lat' dir='ltr'><strong>faci·</strong></span> <span class='ocrx_word' id='word_1_131' title='bbox 1249 1649 1250 1708; x_wconf 45' lang='grc' dir='ltr'>ᾗ</span> 
     </span>
     <span class='ocr_line' id='line_1_18' title="bbox 142 1715 1250 1803; baseline 0.002 -21"><span class='ocrx_word' id='word_1_132' title='bbox 142 1719 205 1783; x_wconf 86' lang='lat' dir='ltr'><strong>lius</strong></span> <span class='ocrx_word' id='word_1_133' title='bbox 229 1715 483 1782; x_wconf 84' lang='lat' dir='ltr'><strong>benivolentiam</strong></span> <span class='ocrx_word' id='word_1_134' title='bbox 502 1715 721 1780; x_wconf 88' lang='lat' dir='ltr'><strong>multitudinis</strong></span> <span class='ocrx_word' id='word_1_135' title='bbox 739 1718 877 1800; x_wconf 90' lang='lat' dir='ltr'><strong>possunt</strong></span> <span class='ocrx_word' id='word_1_136' title='bbox 900 1715 934 1798; x_wconf 92' lang='lat' dir='ltr'><strong>ii,</strong></span> <span class='ocrx_word' id='word_1_137' title='bbox 957 1716 1012 1801; x_wconf 89' lang='lat' dir='ltr'><strong>qui</strong></span> <span class='ocrx_word' id='word_1_138' title='bbox 1030 1717 1079 1783; x_wconf 88' lang='lat' dir='ltr'><strong>rei</strong></span> <span class='ocrx_word' id='word_1_139' title='bbox 1097 1740 1157 1803; x_wconf 91' lang='lat' dir='ltr'><strong>pn·</strong></span> <span class='ocrx_word' id='word_1_140' title='bbox 1249 1737 1250 1792; x_wconf 63' lang='lat' dir='ltr'><strong>l</strong></span> 
     </span>
     <span class='ocr_line' id='line_1_19' title="bbox 91 1803 1156 1890; baseline -0.004 -16"><span class='ocrx_word' id='word_1_141' title='bbox 91 1823 124 1874; x_wconf 77' lang='lat'><strong>⁷8</strong></span> <span class='ocrx_word' id='word_1_142' title='bbox 142 1805 247 1870; x_wconf 86' lang='lat' dir='ltr'><strong>blieae</strong></span> <span class='ocrx_word' id='word_1_143' title='bbox 270 1807 435 1890; x_wconf 80' lang='lat' dir='ltr'><strong>praesunt,</strong></span> <span class='ocrx_word' id='word_1_144' title='bbox 459 1825 556 1888; x_wconf 91' lang='lat' dir='ltr'><strong>quam</strong></span> <span class='ocrx_word' id='word_1_145' title='bbox 579 1803 778 1870; x_wconf 88' lang='lat' dir='ltr'><strong>abstinentia</strong></span> <span class='ocrx_word' id='word_1_146' title='bbox 796 1807 830 1868; x_wconf 86' lang='lat' dir='ltr'><strong>ct</strong></span> <span class='ocrx_word' id='word_1_147' title='bbox 847 1803 1055 1888; x_wconf 85' lang='lat' dir='ltr'><strong>continentia.</strong></span> <span class='ocrx_word' id='word_1_148' title='bbox 1091 1805 1156 1882; x_wconf 84' lang='lat' dir='ltr'><strong>Qui</strong></span> 
     </span>
     <span class='ocr_line' id='line_1_20' title="bbox 142 1892 1156 1980; baseline 0.001 -21"><span class='ocrx_word' id='word_1_149' title='bbox 142 1915 219 1960; x_wconf 84' lang='lat' dir='ltr'><strong>uero</strong></span> <span class='ocrx_word' id='word_1_150' title='bbox 239 1915 273 1958; x_wconf 86' lang='lat' dir='ltr'><strong>se</strong></span> <span class='ocrx_word' id='word_1_151' title='bbox 291 1893 465 1978; x_wconf 88' lang='lat' dir='ltr'><strong>populares</strong></span> <span class='ocrx_word' id='word_1_152' title='bbox 482 1893 599 1958; x_wconf 79' lang='lat' dir='ltr'><strong>uolunt</strong></span> <span class='ocrx_word' id='word_1_153' title='bbox 619 1892 661 1956; x_wconf 95' lang='lat' dir='ltr'><strong>ob</strong></span> <span class='ocrx_word' id='word_1_154' title='bbox 681 1913 816 1975; x_wconf 88' lang='lat' dir='ltr'><strong>eamque</strong></span> <span class='ocrx_word' id='word_1_155' title='bbox 833 1913 965 1957; x_wconf 87' lang='lat' dir='ltr'><strong>causam</strong></span> <span class='ocrx_word' id='word_1_156' title='bbox 984 1897 1042 1957; x_wconf 84' lang='lat' dir='ltr'><strong>aut</strong></span> <span class='ocrx_word' id='word_1_157' title='bbox 1060 1915 1156 1980; x_wconf 83' lang='lat' dir='ltr'><strong>agra-</strong></span> 
     </span>
     <span class='ocr_line' id='line_1_21' title="bbox 142 1977 1250 2066; baseline -0.002 -18"><span class='ocrx_word' id='word_1_158' title='bbox 142 1983 226 2048; x_wconf 87' lang='lat' dir='ltr'><strong>riam</strong></span> <span class='ocrx_word' id='word_1_159' title='bbox 244 2005 314 2047; x_wconf 88' lang='lat' dir='ltr'><strong>rem</strong></span> <span class='ocrx_word' id='word_1_160' title='bbox 330 1983 562 2066; x_wconf 85' lang='lat' dir='ltr'><strong>temptant,·ut</strong></span> <span class='ocrx_word' id='word_1_161' title='bbox 578 2000 783 2065; x_wconf 81' lang='lat' dir='ltr'><strong>possessores</strong></span> <span class='ocrx_word' id='word_1_162' title='bbox 801 1977 966 2064; x_wconf 82' lang='lat' dir='ltr'><strong>pellentur</strong></span> <span class='ocrx_word' id='word_1_163' title='bbox 985 1981 1052 2046; x_wconf 88' lang='lat' dir='ltr'><strong>suis</strong></span> <span class='ocrx_word' id='word_1_164' title='bbox 1073 1981 1155 2046; x_wconf 87' lang='lat' dir='ltr'><strong>sedi·</strong></span> <span class='ocrx_word' id='word_1_165' title='bbox 1170 1998 1198 2038; x_wconf 81' lang='lat'><strong>2⁰</strong></span> <span class='ocrx_word' id='word_1_166' title='bbox 1249 1995 1250 2020; x_wconf 79' lang='lat'><em>³</em></span> 
     </span>
     <span class='ocr_line' id='line_1_22' title="bbox 142 2067 1154 2154; baseline -0.001 -19"><span class='ocrx_word' id='word_1_167' title='bbox 142 2071 217 2154; x_wconf 89' lang='lat' dir='ltr'><strong>bus,</strong></span> <span class='ocrx_word' id='word_1_168' title='bbox 250 2073 307 2134; x_wconf 88' lang='lat' dir='ltr'><strong>aut</strong></span> <span class='ocrx_word' id='word_1_169' title='bbox 338 2067 491 2153; x_wconf 74' lang='lat' dir='ltr'><strong>pecuniae</strong></span> <span class='ocrx_word' id='word_1_170' title='bbox 523 2067 662 2133; x_wconf 86' lang='lat' dir='ltr'><strong>creditas</strong></span> <span class='ocrx_word' id='word_1_171' title='bbox 695 2067 896 2133; x_wconf 87' lang='lat' dir='ltr'><strong>debitoribus</strong></span> <span class='ocrx_word' id='word_1_172' title='bbox 924 2068 1154 2134; x_wconf 84' lang='lat' dir='ltr'><strong>condonandas</strong></span> 
     </span>
     <span class='ocr_line' id='line_1_23' title="bbox 57 2154 1155 2242; baseline 0.005 -26"><span class='ocrx_word' id='word_1_173' title='bbox 57 2211 60 2216; x_wconf 16' lang='grc' dir='ltr'><strong>Α</strong></span> <span class='ocrx_word' id='word_1_174' title='bbox 141 2161 273 2242; x_wconf 87' lang='lat' dir='ltr'><strong>putant,</strong></span> <span class='ocrx_word' id='word_1_175' title='bbox 299 2154 500 2220; x_wconf 80' lang='lat' dir='ltr'><strong>labefactant</strong></span> <span class='ocrx_word' id='word_1_176' title='bbox 526 2154 737 2220; x_wconf 84' lang='lat' dir='ltr'><strong>fundamenta</strong></span> <span class='ocrx_word' id='word_1_177' title='bbox 763 2155 995 2241; x_wconf 88' lang='lat' dir='ltr'><strong>reipublicae,</strong></span> <span class='ocrx_word' id='word_1_178' title='bbox 1023 2179 1155 2224; x_wconf 86' lang='lat' dir='ltr'><strong>concor-</strong></span> 
     </span>
     <span class='ocr_line' id='line_1_24' title="bbox 143 2243 1250 2328; baseline -0.004 -18"><span class='ocrx_word' id='word_1_179' title='bbox 143 2245 230 2310; x_wconf 90' lang='lat' dir='ltr'><strong>diam</strong></span> <span class='ocrx_word' id='word_1_180' title='bbox 252 2243 406 2328; x_wconf 87' lang='lat' dir='ltr'><strong>primum,</strong></span> <span class='ocrx_word' id='word_1_181' title='bbox 434 2263 517 2327; x_wconf 84' lang='lat' dir='ltr'><strong>quae</strong></span> <span class='ocrx_word' id='word_1_182' title='bbox 544 2263 614 2307; x_wconf 88' lang='lat' dir='ltr'><strong>esse</strong></span> <span class='ocrx_word' id='word_1_183' title='bbox 642 2264 708 2308; x_wconf 92' lang='lat' dir='ltr'><strong>non</strong></span> <span class='ocrx_word' id='word_1_184' title='bbox 733 2247 857 2327; x_wconf 89' lang='lat' dir='ltr'><strong>potest,</strong></span> <span class='ocrx_word' id='word_1_185' title='bbox 884 2265 957 2309; x_wconf 89' lang='lat' dir='ltr'><strong>cum</strong></span> <span class='ocrx_word' id='word_1_186' title='bbox 985 2245 1058 2309; x_wconf 89' lang='lat' dir='ltr'><strong>aliis</strong></span> <span class='ocrx_word' id='word_1_187' title='bbox 1088 2245 1155 2312; x_wconf 86' lang='lat' dir='ltr'><strong>adi-</strong></span> <span class='ocrx_word' id='word_1_188' title='bbox 1249 2271 1250 2306; x_wconf 71' lang='lat'>1</span> 
     </span>
     <span class='ocr_line' id='line_1_25' title="bbox 142 2329 1250 2418; baseline -0.004 -20"><span class='ocrx_word' id='word_1_189' title='bbox 142 2335 283 2416; x_wconf 91' lang='lat' dir='ltr'><strong>muntur,</strong></span> <span class='ocrx_word' id='word_1_190' title='bbox 302 2331 376 2396; x_wconf 88' lang='lat' dir='ltr'><strong>aliis</strong></span> <span class='ocrx_word' id='word_1_191' title='bbox 394 2329 617 2396; x_wconf 88' lang='lat' dir='ltr'><strong>condonantur</strong></span> <span class='ocrx_word' id='word_1_192' title='bbox 633 2331 798 2416; x_wconf 85' lang='lat' dir='ltr'><strong>pecuniae,</strong></span> <span class='ocrx_word' id='word_1_193' title='bbox 816 2331 929 2396; x_wconf 90' lang='lat' dir='ltr'><strong>deinde</strong></span> <span class='ocrx_word' id='word_1_194' title='bbox 944 2333 1154 2418; x_wconf 83' lang='lat' dir='ltr'><strong>aequitatem,</strong></span> <span class='ocrx_word' id='word_1_195' title='bbox 1249 2337 1250 2394; x_wconf 64' lang='grc' dir='ltr'>ζ</span> 
     </span>
     <span class='ocr_line' id='line_1_26' title="bbox 141 2417 1250 2594; baseline 0.005 -24"><span class='ocrx_word' id='word_1_196' title='bbox 141 2417 566 2590; x_wconf 53' lang='lat' dir='ltr'><strong>illinlillrpllliuii</strong></span> <span class='ocrx_word' id='word_1_197' title='bbox 588 2419 1154 2594; x_wconf 55' lang='lat' dir='ltr'><strong>lll35213¹¹llrlllill²ilgl</strong></span> <span class='ocrx_word' id='word_1_198' title='bbox 1169 2435 1197 2478; x_wconf 75' lang='lat'><strong>²⁵</strong></span> <span class='ocrx_word' id='word_1_199' title='bbox 1249 2473 1250 2526; x_wconf 76' lang='lat'>³</span> 
     </span>
     <span class='ocr_line' id='line_1_27' title="bbox 558 2557 854 2591; baseline 0 0"><span class='ocrx_word' id='word_1_200' title='bbox 558 2557 566 2586; x_wconf 77' lang='lat'><em>7</em></span> <span class='ocrx_word' id='word_1_201' title='bbox 843 2557 854 2591; x_wconf 71' lang='lat'><em>7</em></span> 
     </span>
     <span class='ocr_line' id='line_1_28' title="bbox 142 2594 1250 2682; baseline 0.005 -23"><span class='ocrx_word' id='word_1_202' title='bbox 142 2595 247 2679; x_wconf 88' lang='lat' dir='ltr'><strong>urbis,</strong></span> <span class='ocrx_word' id='word_1_203' title='bbox 269 2597 307 2660; x_wconf 91' lang='lat' dir='ltr'><strong>ut</strong></span> <span class='ocrx_word' id='word_1_204' title='bbox 329 2595 373 2660; x_wconf 86' lang='lat' dir='ltr'><strong>sit</strong></span> <span class='ocrx_word' id='word_1_205' title='bbox 394 2594 499 2658; x_wconf 86' lang='lat' dir='ltr'><strong>libera</strong></span> <span class='ocrx_word' id='word_1_206' title='bbox 522 2597 556 2659; x_wconf 89' lang='lat' dir='ltr'><strong>et</strong></span> <span class='ocrx_word' id='word_1_207' title='bbox 576 2616 643 2660; x_wconf 86' lang='lat' dir='ltr'><strong>non</strong></span> <span class='ocrx_word' id='word_1_208' title='bbox 665 2595 806 2661; x_wconf 85' lang='lat' dir='ltr'><strong>sollicita</strong></span> <span class='ocrx_word' id='word_1_209' title='bbox 829 2617 906 2662; x_wconf 89' lang='lat' dir='ltr'><strong>suae</strong></span> <span class='ocrx_word' id='word_1_210' title='bbox 929 2597 977 2661; x_wconf 84' lang='lat' dir='ltr'><strong>rei</strong></span> <span class='ocrx_word' id='word_1_211' title='bbox 999 2597 1154 2682; x_wconf 89' lang='lat' dir='ltr'><strong>cuiusque</strong></span> <span class='ocrx_word' id='word_1_212' title='bbox 1249 2647 1250 2652; x_wconf 19' lang='grc' dir='ltr'>η</span> 
     </span>
     <span class='ocr_line' id='line_1_29' title="bbox 90 2682 1154 2768; baseline 0 -18"><span class='ocrx_word' id='word_1_213' title='bbox 90 2699 123 2750; x_wconf 74' lang='lat' dir='ltr'><strong>uo</strong></span> <span class='ocrx_word' id='word_1_214' title='bbox 143 2684 297 2749; x_wconf 86' lang='lat' dir='ltr'><strong>custodia.</strong></span> <span class='ocrx_word' id='word_1_215' title='bbox 329 2682 439 2767; x_wconf 86' lang='lat' dir='ltr'><strong>Atque</strong></span> <span class='ocrx_word' id='word_1_216' title='bbox 456 2683 492 2746; x_wconf 91' lang='lat' dir='ltr'><strong>in</strong></span> <span class='ocrx_word' id='word_1_217' title='bbox 508 2683 569 2748; x_wconf 90' lang='lat' dir='ltr'><strong>hac</strong></span> <span class='ocrx_word' id='word_1_218' title='bbox 592 2683 732 2768; x_wconf 86' lang='lat' dir='ltr'><strong>pernicie</strong></span> <span class='ocrx_word' id='word_1_219' title='bbox 755 2683 802 2747; x_wconf 87' lang='lat' dir='ltr'><strong>rei</strong></span> <span class='ocrx_word' id='word_1_220' title='bbox 824 2683 974 2768; x_wconf 87' lang='lat' dir='ltr'><strong>publicae</strong></span> <span class='ocrx_word' id='word_1_221' title='bbox 996 2704 1037 2750; x_wconf 91' lang='lat' dir='ltr'><strong>ne</strong></span> <span class='ocrx_word' id='word_1_222' title='bbox 1058 2685 1154 2752; x_wconf 90' lang='lat' dir='ltr'><strong>illam</strong></span> 
     </span>
     <span class='ocr_line' id='line_1_30' title="bbox 143 2773 1250 2858; baseline 0 -20"><span class='ocrx_word' id='word_1_223' title='bbox 143 2773 271 2856; x_wconf 90' lang='lat' dir='ltr'><strong>quidem</strong></span> <span class='ocrx_word' id='word_1_224' title='bbox 304 2773 557 2855; x_wconf 79' lang='lat' dir='ltr'><strong>consequuntur,</strong></span> <span class='ocrx_word' id='word_1_225' title='bbox 589 2793 687 2855; x_wconf 87' lang='lat' dir='ltr'><strong>quam</strong></span> <span class='ocrx_word' id='word_1_226' title='bbox 718 2774 849 2857; x_wconf 88' lang='lat' dir='ltr'><strong>putant,</strong></span> <span class='ocrx_word' id='word_1_227' title='bbox 883 2773 1038 2858; x_wconf 72' lang='lat' dir='ltr'><strong>gratiam,</strong></span> <span class='ocrx_word' id='word_1_228' title='bbox 1074 2795 1153 2840; x_wconf 88' lang='lat' dir='ltr'><strong>nam</strong></span> <span class='ocrx_word' id='word_1_229' title='bbox 1249 2813 1250 2816; x_wconf 60' lang='lat'><em>=</em></span> 
     </span>
     <span class='ocr_line' id='line_1_31' title="bbox 142 2858 1195 2944; baseline 0.003 -20"><span class='ocrx_word' id='word_1_230' title='bbox 142 2860 194 2924; x_wconf 88' lang='lat' dir='ltr'><strong>oui</strong></span> <span class='ocrx_word' id='word_1_231' title='bbox 217 2881 268 2924; x_wconf 87' lang='lat' dir='ltr'><strong>res</strong></span> <span class='ocrx_word' id='word_1_232' title='bbox 291 2863 404 2944; x_wconf 86' lang='lat' dir='ltr'><strong>erepta</strong></span> <span class='ocrx_word' id='word_1_233' title='bbox 426 2861 490 2942; x_wconf 83' lang='lat' dir='ltr'><strong>est,</strong></span> <span class='ocrx_word' id='word_1_234' title='bbox 517 2862 567 2924; x_wconf 84' lang='lat' dir='ltr'><strong>est</strong></span> <span class='ocrx_word' id='word_1_235' title='bbox 589 2858 753 2942; x_wconf 85' lang='lat' dir='ltr'><strong>inimicus,</strong></span> <span class='ocrx_word' id='word_1_236' title='bbox 781 2859 832 2924; x_wconf 90' lang='lat' dir='ltr'><strong>cui</strong></span> <span class='ocrx_word' id='word_1_237' title='bbox 855 2859 932 2924; x_wconf 81' lang='lat' dir='ltr'><strong>data</strong></span> <span class='ocrx_word' id='word_1_238' title='bbox 960 2865 1023 2944; x_wconf 85' lang='lat' dir='ltr'><strong>est,</strong></span> <span class='ocrx_word' id='word_1_239' title='bbox 1051 2862 1153 2928; x_wconf 83' lang='lat' dir='ltr'><strong>etiam</strong></span> <span class='ocrx_word' id='word_1_240' title='bbox 1167 2877 1195 2919; x_wconf 79' lang='lat'><strong>³⁰</strong></span> 
     </span>
     <span class='ocr_line' id='line_1_32' title="bbox 143 2946 1153 3035; baseline 0.005 -25"><span class='ocrx_word' id='word_1_241' title='bbox 143 2946 328 3013; x_wconf 87' lang='lat' dir='ltr'><strong>dissimulat</strong></span> <span class='ocrx_word' id='word_1_242' title='bbox 351 2969 385 3011; x_wconf 91' lang='lat' dir='ltr'><strong>se</strong></span> <span class='ocrx_word' id='word_1_243' title='bbox 409 2947 553 3031; x_wconf 89' lang='lat' dir='ltr'><strong>accipere</strong></span> <span class='ocrx_word' id='word_1_244' title='bbox 575 2946 717 3011; x_wconf 81' lang='lat' dir='ltr'><strong>voluisse</strong></span> <span class='ocrx_word' id='word_1_245' title='bbox 740 2950 774 3012; x_wconf 87' lang='lat' dir='ltr'><strong>et</strong></span> <span class='ocrx_word' id='word_1_246' title='bbox 796 2947 935 3013; x_wconf 84' lang='lat' dir='ltr'><strong>maxime</strong></span> <span class='ocrx_word' id='word_1_247' title='bbox 953 2948 988 3012; x_wconf 90' lang='lat' dir='ltr'><strong>in</strong></span> <span class='ocrx_word' id='word_1_248' title='bbox 1005 2950 1153 3035; x_wconf 88' lang='lat' dir='ltr'><strong>pecuniis</strong></span> 
     </span>
     <span class='ocr_line' id='line_1_33' title="bbox 142 3033 1250 3120; baseline 0.002 -20"><span class='ocrx_word' id='word_1_249' title='bbox 142 3035 273 3101; x_wconf 85' lang='lat' dir='ltr'><strong>creditis</strong></span> <span class='ocrx_word' id='word_1_250' title='bbox 288 3035 430 3101; x_wconf 87' lang='lat' dir='ltr'><strong>occultat</strong></span> <span class='ocrx_word' id='word_1_251' title='bbox 449 3056 543 3099; x_wconf 87' lang='lat' dir='ltr'><strong>suum</strong></span> <span class='ocrx_word' id='word_1_252' title='bbox 561 3033 724 3120; x_wconf 86' lang='lat' dir='ltr'><strong>gaudium,</strong></span> <span class='ocrx_word' id='word_1_253' title='bbox 741 3056 783 3100; x_wconf 91' lang='lat' dir='ltr'><strong>ne</strong></span> <span class='ocrx_word' id='word_1_254' title='bbox 800 3034 950 3102; x_wconf 81' lang='lat' dir='ltr'><strong>rideatur</strong></span> <span class='ocrx_word' id='word_1_255' title='bbox 966 3037 1033 3104; x_wconf 85' lang='lat' dir='ltr'><strong>nou</strong></span> <span class='ocrx_word' id='word_1_256' title='bbox 1050 3037 1153 3102; x_wconf 89' lang='lat' dir='ltr'><strong>fuisse</strong></span> <span class='ocrx_word' id='word_1_257' title='bbox 1249 3085 1250 3088; x_wconf 63' lang='lat'><strong>,</strong></span> 
     </span>
     <span class='ocr_line' id='line_1_34' title="bbox 143 3121 1250 3208; baseline 0.002 -20"><span class='ocrx_word' id='word_1_258' title='bbox 143 3124 312 3208; x_wconf 81' lang='lat' dir='ltr'><strong>soluend03</strong></span> <span class='ocrx_word' id='word_1_259' title='bbox 335 3126 469 3188; x_wconf 79' lang='lat' dir='ltr'><strong>atvero</strong></span> <span class='ocrx_word' id='word_1_260' title='bbox 492 3121 558 3206; x_wconf 91' lang='lat' dir='ltr'><strong>ille,</strong></span> <span class='ocrx_word' id='word_1_261' title='bbox 581 3121 637 3205; x_wconf 88' lang='lat' dir='ltr'><strong>qui</strong></span> <span class='ocrx_word' id='word_1_262' title='bbox 661 3122 784 3206; x_wconf 86' lang='lat' dir='ltr'><strong>accepit</strong></span> <span class='ocrx_word' id='word_1_263' title='bbox 806 3122 966 3207; x_wconf 87' lang='lat' dir='ltr'><strong>iniuriam,</strong></span> <span class='ocrx_word' id='word_1_264' title='bbox 989 3129 1022 3190; x_wconf 92' lang='lat' dir='ltr'><strong>et</strong></span> <span class='ocrx_word' id='word_1_265' title='bbox 1040 3126 1153 3190; x_wconf 86' lang='lat' dir='ltr'><strong>memi·</strong></span> <span class='ocrx_word' id='word_1_266' title='bbox 1249 3171 1250 3174; x_wconf 19' lang='grc' dir='ltr'><strong>κ</strong></span> 
     </span>
     <span class='ocr_line' id='line_1_35' title="bbox 141 3208 1153 3296; baseline 0.004 -21"><span class='ocrx_word' id='word_1_267' title='bbox 141 3211 191 3275; x_wconf 89' lang='lat' dir='ltr'><strong>nit</strong></span> <span class='ocrx_word' id='word_1_268' title='bbox 214 3214 247 3274; x_wconf 93' lang='lat' dir='ltr'><strong>et</strong></span> <span class='ocrx_word' id='word_1_269' title='bbox 269 3232 347 3294; x_wconf 87' lang='lat' dir='ltr'><strong>prae</strong></span> <span class='ocrx_word' id='word_1_270' title='bbox 370 3231 405 3276; x_wconf 86' lang='lat' dir='ltr'><strong>se</strong></span> <span class='ocrx_word' id='word_1_271' title='bbox 426 3209 491 3275; x_wconf 86' lang='lat' dir='ltr'><strong>fert</strong></span> <span class='ocrx_word' id='word_1_272' title='bbox 514 3208 658 3275; x_wconf 89' lang='lat' dir='ltr'><strong>dolorem</strong></span> <span class='ocrx_word' id='word_1_273' title='bbox 681 3231 784 3293; x_wconf 90' lang='lat' dir='ltr'><strong>suum,</strong></span> <span class='ocrx_word' id='word_1_274' title='bbox 806 3231 874 3295; x_wconf 90' lang='lat' dir='ltr'><strong>nec,</strong></span> <span class='ocrx_word' id='word_1_275' title='bbox 897 3212 925 3276; x_wconf 87' lang='lat' dir='ltr'><strong>si</strong></span> <span class='ocrx_word' id='word_1_276' title='bbox 945 3213 1055 3296; x_wconf 88' lang='lat' dir='ltr'><strong>plures</strong></span> <span class='ocrx_word' id='word_1_277' title='bbox 1075 3218 1153 3279; x_wconf 90' lang='lat' dir='ltr'><strong>sunt</strong></span> 
     </span>
     <span class='ocr_line' id='line_1_36' title="bbox 141 3298 1193 3384; baseline 0.007 -24"><span class='ocrx_word' id='word_1_278' title='bbox 141 3298 175 3380; x_wconf 89' lang='lat' dir='ltr'><strong>ii,</strong></span> <span class='ocrx_word' id='word_1_279' title='bbox 198 3298 314 3381; x_wconf 88' lang='lat' dir='ltr'><strong>quibus</strong></span> <span class='ocrx_word' id='word_1_280' title='bbox 332 3298 469 3383; x_wconf 84' lang='lat' dir='ltr'><strong>inprobe</strong></span> <span class='ocrx_word' id='word_1_281' title='bbox 488 3298 599 3362; x_wconf 88' lang='lat' dir='ltr'><strong>datum</strong></span> <span class='ocrx_word' id='word_1_282' title='bbox 619 3301 677 3383; x_wconf 90' lang='lat' dir='ltr'><strong>est,</strong></span> <span class='ocrx_word' id='word_1_283' title='bbox 697 3319 794 3381; x_wconf 89' lang='lat' dir='ltr'><strong>quam</strong></span> <span class='ocrx_word' id='word_1_284' title='bbox 811 3298 872 3382; x_wconf 79' lang='lat' dir='ltr'><strong>illi,</strong></span> <span class='ocrx_word' id='word_1_285' title='bbox 895 3300 1010 3384; x_wconf 86' lang='lat' dir='ltr'><strong>quibus</strong></span> <span class='ocrx_word' id='word_1_286' title='bbox 1028 3299 1152 3367; x_wconf 87' lang='lat' dir='ltr'><strong>iniuste</strong></span> <span class='ocrx_word' id='word_1_287' title='bbox 1165 3317 1193 3358; x_wconf 75' lang='lat'><strong>³⁵</strong></span> 
     </span>
     <span class='ocr_line' id='line_1_37' title="bbox 142 3384 1152 3471; baseline 0.005 -21"><span class='ocrx_word' id='word_1_288' title='bbox 142 3384 329 3469; x_wconf 88' lang='lat' dir='ltr'><strong>ademptum</strong></span> <span class='ocrx_word' id='word_1_289' title='bbox 352 3390 416 3470; x_wconf 85' lang='lat' dir='ltr'><strong>est,</strong></span> <span class='ocrx_word' id='word_1_290' title='bbox 441 3386 560 3452; x_wconf 87' lang='lat' dir='ltr'><strong>idcireo</strong></span> <span class='ocrx_word' id='word_1_291' title='bbox 587 3386 661 3471; x_wconf 90' lang='lat' dir='ltr'><strong>plus</strong></span> <span class='ocrx_word' id='word_1_292' title='bbox 690 3386 789 3451; x_wconf 90' lang='lat' dir='ltr'><strong>etiam</strong></span> <span class='ocrx_word' id='word_1_293' title='bbox 815 3387 942 3471; x_wconf 79' lang='lat' dir='ltr'><strong>ualent3</strong></span> <span class='ocrx_word' id='word_1_294' title='bbox 970 3410 1036 3455; x_wconf 87' lang='lat' dir='ltr'><strong>non</strong></span> <span class='ocrx_word' id='word_1_295' title='bbox 1064 3389 1152 3454; x_wconf 90' lang='lat' dir='ltr'><strong>enim</strong></span> 
     </span>
     <span class='ocr_line' id='line_1_38' title="bbox 141 3472 1250 3560; baseline 0.009 -25"><span class='ocrx_word' id='word_1_296' title='bbox 141 3493 274 3538; x_wconf 89' lang='lat' dir='ltr'><strong>numero</strong></span> <span class='ocrx_word' id='word_1_297' title='bbox 302 3472 382 3537; x_wconf 89' lang='lat' dir='ltr'><strong>haee</strong></span> <span class='ocrx_word' id='word_1_298' title='bbox 409 3474 605 3558; x_wconf 81' lang='lat' dir='ltr'><strong>iudicantur,</strong></span> <span class='ocrx_word' id='word_1_299' title='bbox 634 3474 690 3540; x_wconf 86' lang='lat' dir='ltr'><strong>sed</strong></span> <span class='ocrx_word' id='word_1_300' title='bbox 718 3474 867 3560; x_wconf 89' lang='lat' dir='ltr'><strong>pondere.</strong></span> <span class='ocrx_word' id='word_1_301' title='bbox 912 3473 1016 3552; x_wconf 77' lang='lat' dir='ltr'><strong>Quam</strong></span> <span class='ocrx_word' id='word_1_302' title='bbox 1040 3481 1152 3544; x_wconf 87' lang='lat' dir='ltr'><strong>autem</strong></span> <span class='ocrx_word' id='word_1_303' title='bbox 1249 3495 1250 3510; x_wconf 60' lang='lat'><strong>³</strong></span> 
     </span>
    </p>
   </div>
   <div class='ocr_carea' id='block_1_3' title="bbox 0 0 1256 3950">
    <p class='ocr_par' dir='ltr' id='par_1_3' title="bbox 0 0 1256 3950">
     <span class='ocr_line' id='line_1_39' title="bbox 0 0 1256 3950; baseline 0 0"><span class='ocrx_word' id='word_1_304' title='bbox 0 0 1256 3950; x_wconf 95' lang='lat' dir='ltr'><strong> </strong></span> 
     </span>
    </p>
   </div>
  </div>
 </body>
</html>
