2542 3950
165 164 235 231 354.
553 158 780 215 FRAGMENTA

209 323 292 390 Cum
314 325 392 389 ve'ro
415 323 548 389 adesum
569 321 685 385 inflatu
706 324 931 385 renovatnmst
953 320 1061 406 iecur,

209 412 292 479 Tum
314 416 443 476 rursum
465 415 590 476 taetros
613 408 708 474 avida
730 430 765 474 se
788 409 829 474 ad
851 413 966 493 pastas
990 410 1107 479 refert

210 500 262 567 sie
283 500 368 565 hanc
390 499 556 565 custodem
579 497 697 563 measti
719 497 880 562 cruciatae
904 497 973 582 ala,

209 588 298 664 Quae
321 591 373 652 ma
394 587 529 673 perenni
551 584 661 651 vivum
684 585 794 649 foedat
816 583 957 651 miseria
1251 655 1252 658 Ἴ

209 677 373 762 Namque,
395 680 433 741 a
454 675 585 757 videtis,
607 672 723 738 vinclis
747 673 942 738 constrictas
964 672 1058 739 Iovia
1205 695 1215 736 1
1251 685 1252 696 ἢ

209 766 329 832 Arcano
351 784 476 848 nequeo
500 760 605 826 diram
627 762 792 827 volucrem
815 783 834 825 a
856 764 998 846 pactore.

210 853 262 919 Sic
285 874 336 917 me
359 850 429 935 ipse
451 850 566 914 viduus
590 853 700 933 pestes
724 849 847 933 excipio
871 849 984 914 anxiae

209 941 329 1006 Amara
352 938 468 1004 mortis
491 937 668 1001 larminnm
690 937 865 1023 inquinans
888 938 982 1022 mali,

209 1028 272 1094 Sed
293 1028 392 1112 lange
415 1049 434 1090 a
457 1025 523 1090 leto
546 1025 678 1090 mimine
701 1026 844 1110 aspellat
865 1024 962 1092 Iovis·

209 1118 318 1202 Atque
340 1115 421 1180 hae‘c
442 1117 572 1181 vetusta
595 1113 710 1178 sraelis
734 1115 917 1199 glomerata
938 1113 1084 1180 harridia
1193 1136 1216 1177 u

208 1203 366 1270 Luctifioa
387 1203 495 1270 clades
517 1203 631 1268 nostro
654 1202 753 1267 infixa
775 1205 827 1266 est
848 1202 990 1287 carpori,

184 1293 237 1358 'E
262 1295 325 1377 qua
348 1292 493 1377 liquatae
516 1290 596 1356 salis
619 1290 734 1355 ardore
757 1289 908 1356 excidunt

210 1381 344 1465 Gulae,
366 1402 449 1465 quae
471 1401 550 1446 saxa
573 1377 706 1444 adsidue
728 1377 894 1443 instillant
917 1375 1064 1446 caucasi

536 1535 565 1591 1,
593 1531 798 1589 soenocme.
1253 1518 1254 1586 l

234 1646 262 1711 1.
280 1643 341 1712 ou.
361 1642 675 1724 emanatione.
692 1641 800 1725 (Sept.
820 1641 929 1708 Tracta
946 1643 1179 1728 roeo-1102)
1191 1663 1212 1704 a

171 1734 336 1799 Videamus
357 1731 523 1798 Heracleru
545 1731 655 1812 numm,
679 1730 734 1812 qni
755 1735 820 1800 tum
842 1731 943 1796 dolore
962 1731 1178 1816 fremebam,

165 1844 235 1888 eum
252 1821 504 1887 inmortalitatem
520 1820 590 1902 insa
607 1823 703 1884 morte
718 1819 887 1900 mouebat.
920 1818 1006 1898 Quas
1023 1819 1076 1884 lu'c
1094 1841 1179 1887 uoces

165 1911 251 1994 apud
275 1909 450 1992 Sophoclem
475 1909 511 1974 in
538 1907 716 1972 Trachiniis
741 1907 820 1972 edit!
849 1908 900 1971 cni
926 1927 995 1972 eum
1017 1906 1179 1974 Deianira

165 1999 315 2082 sanquine
333 1995 482 2063 Centauri
504 1997 631 2061 tinctam
653 1996 790 2060 mnicum
810 1996 961 2062 rucuma
981 1995 1178 2064 inlacrimat·
1254 2015 1255 2020 ’

165 2085 476 2238 WOeinaliaeraiclsa
499 2084 631 2256 gaila,
647 2191 803 2256 perpessu
826 2170 956 2254 aspera,
1190 2103 1214 2142 Ν

210 2259 299 2336 Quae
322 2260 455 2344 carpore
479 2258 648 2322 exanclato
670 2259 768 2342 alque
790 2258 898 2324 animo
921 2259 1057 2344 partulit

210 2347 280 2414 Nec
301 2345 384 2412 nubi
406 2346 540 2412 Iunonis
563 2349 668 2411 tarror
690 2347 896 2431 inplacabilis

210 2435 279 2501 Nec
301 2436 429 2500 tantum
451 2435 574 2500 invexit
596 2432 702 2500 tristis
723 2434 927 2519 Eurystheus
950 2435 1044 2518 mali,

211 2523 374 2600 Quoniam
396 2528 462 2590 ana
483 2545 615 2590 vaecors
638 2521 739 2587 Oe'nei
760 2527 858 2607 partu
881 2523 976 2588 adita.
1189 2539 1213 2581 11

210 2611 300 2678 Haeo
322 2633 374 2676 me
395 2609 544 2676 inretivit
565 2613 656 2676 vaste
678 2610 790 2676 furiali
812 2609 965 2694 inscium,

211 2699 300 2776 Quae
321 2701 423 2766 latere
446 2699 617 2765 inhaerens
641 2700 752 2763 mansu
773 2699 897 2765 lacerat
919 2696 1046 2764 viscera

210 2787 425 2876 Urgue‘nsque
448 2787 593 2873 graviter
614 2787 805 2872 palmarium
827 2787 938 2852 haurit
960 2784 1111 2872 spiritum

210 2875 281 2940 Iam
305 2876 486 2941 de‘oolorem
509 2875 699 2960 sangninem
722 2896 850 2940 omnam
873 2874 1029 2940 exorbuit.

211 2961 263 3031 Sic
286 2966 403 3048 carpus
426 2963 517 3028 clade
539 2960 691 3028 horribili
714 2963 923 3047 absumptum
945 2962 1107 3047 extabuit,
1189 2978 1214 3019 o

210 3052 284 3137 Ipse
306 3049 464 3138 inligatus
486 3053 579 3137 peste
602 3051 772 3116 interimor
794 3051 911 3116 te'xtili.

210 3139 281 3205 Hos
303 3142 369 3205 nan
390 3139 521 3206 hostilis
545 3138 672 3224 dantia,
693 3161 759 3204 non
782 3137 882 3204 Terra
905 3139 993 3204 adita

210 3227 313 3293 Mole's
338 3227 530 3313 Gigantum,
552 3229 618 3294 nan
640 3226 816 3292 biformato
839 3224 964 3312 impetn

212 3313 390 3380 centaurus
413 3316 497 3382 ictus
520 3315 649 3399 carpori
670 3313 789 3380 inflixit
812 3337 898 3398 meo,

211 3399 287 3464 Non
310 3401 409 3466 Graia
430 3403 495 3485 vis,
517 3424 583 3467 non
605 3402 745 3466 barbara
766 3403 835 3466 nlla
856 3401 1057 3484 immanitas,
1189 3416 1215 3457 ³⁵

210 3485 287 3550 Non
309 3490 406 3558 saara
428 3489 524 3552 terris
548 3491 627 3573 gans
650 3489 797 3574 relegata
818 3488 960 3571 altimis,
