2578 3950
427 173 474 232 vr.
504 173 580 229 cae.
600 180 625 240 a,
645 179 667 229 a
697 179 843 245 see-52.
1075 172 1141 251 213

136 338 243 423 signa,
270 336 416 421 tabulas,
444 336 679 420 supellectilem
707 339 740 400 et
766 339 890 400 vestem
917 334 1044 400 infinite
1071 355 1145 400 eon·

135 425 313 509 cupiscenti
330 445 396 489 non
414 424 511 490 modo
531 424 571 506 ad
591 428 756 509 sumptum
778 423 835 488 ille
858 427 908 488 est
930 423 1065 506 fruetus,
1088 422 1144 486 sed

136 514 234 578 etiam
268 513 308 578 ed
339 512 452 577 faenus
485 512 628 598 exiguus.
683 511 733 578 Ex
765 533 837 576 meo
868 511 959 575 tenui
990 509 1144 594 vectigali

136 601 291 666 detractis
320 600 503 685 sumptibus
531 599 718 684 cupiditatis
751 599 873 684 aliquid
905 600 1004 664 etiem
1031 598 1147 663 redun-

108 689 236 754 suabis.
273 687 356 754 Uter
372 688 475 774 igitur
493 691 544 754 est
565 689 704 772 divitior,
727 688 778 754 oui
802 688 891 752 deest
907 708 957 758 ¹an
979 687 1030 752 eui
1053 707 1147 770 supe·

8 795 9 810 ¹
135 777 211 843 rat?
240 777 296 860 qui
322 781 398 862 eget
424 797 466 842 an
493 775 549 861 qui
577 776 742 842 abundat?
772 775 861 842 ouius
888 775 1051 860 possessio
1080 794 1144 858 quo

137 870 187 932 est
209 865 328 948 maior,
355 885 393 931 eo
415 865 490 950 plus
513 864 650 948 requirit
673 865 714 929 ad
738 886 771 928 se
798 864 965 947 tuendam,
992 885 1035 928 an
1062 881 1144 945 quae

8 959 9 970 ’
138 954 204 1019 suis
229 974 263 1016 se
286 951 409 1017 viribus
434 951 594 1018 sustinet?
631 950 693 1017 Sed
715 953 792 1036 quid
811 971 871 1037 ego
891 952 930 1016 de
949 973 1000 1016 me
1019 952 1145 1033 loquor,
1164 965 1201 1015 50

137 1042 194 1126 qui
216 1061 344 1106 morum
368 1062 405 1105 ae
428 1043 611 1125 temporum
633 1040 714 1105 vitio
738 1040 941 1125 aliquantum
959 1039 1058 1104 etiam
1076 1039 1146 1123 ipse

96 1148 123 1186 10
137 1130 278 1194 fortasse
301 1129 335 1192 in
358 1127 454 1194 huius
478 1129 598 1193 saeculi
621 1149 729 1195 errore
751 1128 882 1192 verser?
918 1127 969 1192 Μ’.
991 1126 1146 1192 Manilius

137 1221 269 1302 patrum
292 1219 479 1282 nostrorum
503 1217 668 1299 memoria,
690 1237 731 1280 ne
755 1237 880 1300 semper
899 1214 1013 1280 Curios
1035 1219 1068 1280 et
1087 1213 1147 1278 Lu·

138 1306 246 1372 seinos
273 1305 459 1388 loquamur,
490 1325 613 1389 pauper
642 1302 774 1369 tandem
800 1303 885 1368 fuit?
916 1302 1033 1368 habuit
1061 1303 1147 1366 enim

139 1393 302 1458 aediculas
324 1393 357 1456 in
381 1389 508 1458 Carinis
532 1396 564 1456 et
586 1391 721 1459 fundum
743 1392 779 1455 in
801 1391 981 1474 Labican03
1003 1411 1063 1455 nos
1087 1389 1147 1473 igi·

8 1527 9 1568 ,
138 1485 193 1546 tur
217 1479 398 1563 divitiores,
427 1480 482 1563 qui
506 1481 601 1564 plura
622 1478 802 1545 habemus?
846 1478 982 1546 Utinam
1006 1477 1147 1562 quidem!

8 1647 9 1650 Ἴ
97 1585 124 1626 1⁵
140 1569 195 1634 sed
218 1589 283 1633 non
307 1567 534 1633 aestimatione
557 1589 680 1650 census,
702 1589 815 1634 verum
833 1567 921 1634 victu
940 1571 1039 1651 atque
1058 1567 1148 1632 cultu

8 1657 11 1734 l
138 1656 333 1722 terminatur
346 1656 500 1740 pecuniae
514 1655 637 1720 modus.
669 1654 745 1722 Non
759 1677 829 1721 esse
844 1656 994 1740 cupidum
1013 1655 1148 1740 pecunia
1167 1671 1198 1720 51

139 1749 203 1826 est,
229 1765 296 1808 non
324 1764 394 1807 esse
422 1764 563 1808 emacem
589 1744 731 1828 vectigal
761 1749 826 1827 est,
857 1748 1045 1810 contentum
1073 1765 1148 1808 vero

140 1832 207 1897 suis
230 1832 327 1896 rebus
351 1851 421 1896 esse
444 1832 603 1895 maximae
627 1835 703 1896 sunt
726 1832 990 1918 certissimaeque
1008 1830 1148 1896 divitiae.

138 1919 271 1984 Etenim
304 1919 332 1984 si
364 1919 421 1985 isti
453 1919 563 1984 callidi
593 1937 701 1984 rerum
734 1920 958 1985 aestimatores
991 1921 1087 2004 prata
1117 1923 1150 1983 et

99 2025 125 2064 20
140 2029 232 2073 areas
256 2007 414 2090 quasdam
436 2027 556 2092 magno
580 2007 763 2092 aestimant,
787 2007 873 2092 quod
896 2008 924 2072 ei
949 2007 1059 2094 generi
1077 2025 1149 2090 pos·

141 2095 322 2160 sessionum
354 2095 487 2160 minime
520 2095 613 2178 quasi
644 2095 753 2160 nooeri
790 2098 915 2180 potest,
953 2095 1066 2179 quanti
1099 2099 1150 2158 est

141 2182 343 2250 aestimanda
364 2182 482 2266 virtus,
510 2204 592 2266 quae
618 2204 677 2250 nee
705 2183 786 2268 eripi
808 2204 867 2248 nee
891 2183 1016 2268 subripi
1038 2186 1149 2268 potest

139 2293 243 2354 neque
272 2269 444 2356 naufragio
475 2291 578 2354 neque
611 2271 757 2337 incendio
790 2272 953 2336 amittitur
984 2291 1043 2336 neo
1070 2274 1149 2336 tem·

139 2361 305 2445 pestatum
332 2380 390 2422 neo
417 2362 601 2443 temporum
627 2360 872 2443 perturbatione
896 2361 1053 2424 mutatur!
1085 2380 1149 2442 qua

99 2461 126 2502 2⁶
139 2446 280 2533 praediti
299 2446 354 2530 qui
374 2448 458 2530 sunt,
476 2445 539 2511 soli
558 2450 634 2510 sunt
648 2446 778 2530 divites3
797 2449 859 2512 soli
877 2448 963 2513 enim
982 2446 1149 2532 possident
1167 2463 1200 2512 59

139 2555 192 2599 res
212 2537 245 2599 et
261 2533 445 2599 fructuosas
464 2537 497 2597 et
516 2533 729 2618 sempiternas
748 2536 881 2619 solique,
906 2536 991 2619 quod
1010 2539 1059 2599 est
1076 2557 1149 2620 pro-

139 2623 247 2707 prium
272 2621 468 2706 divitiarum,
491 2621 634 2686 contenti
657 2625 733 2686 sunt
755 2623 851 2686 rebus
875 2624 951 2705 suis,
974 2623 1054 2687 satis
1078 2644 1148 2687 esse

140 2714 268 2794 putent,
291 2709 377 2793 quod
400 2713 459 2794 est,
481 2708 564 2773 nihil
586 2703 753 2794 adpetunt,¹
773 2710 865 2774 nulla
883 2731 918 2774 re
938 2715 1043 2794 egent,
1065 2710 1148 2774 nihil

141 2798 204 2862 sibi
226 2798 337 2862 deesse
359 2797 512 2880 sentiunt,
534 2796 617 2880 nihil
635 2798 818 2881 requirimt3
840 2797 969 2883 inprobi
988 2802 1096 2862 autem
1115 2803 1148 2862 et

98 2899 126 2942 ω
140 2885 241 2970 arari,
265 2885 417 2970 quoniam
440 2885 579 2951 incertas
603 2889 701 2969 atque
723 2885 758 2950 in
780 2907 856 2952 oasu
879 2885 1004 2970 positas
1023 2907 1149 2972 posses-

141 2974 249 3038 siones
276 2973 398 3038 habent
424 2978 457 3037 et
485 2974 558 3058 plus
587 2995 714 3058 semper
746 2974 916 3060 adpetunt,
947 2995 1006 3038 neo
1037 2996 1147 3039 eorum

140 3062 312 3145 quisquam
331 3060 435 3126 adhue
452 3061 602 3126 inventus
619 3066 678 3146 est,
696 3063 781 3146 quoi,
800 3062 886 3146 quod
900 3062 1044 3144 heberet,
1063 3066 1148 3127 esset

140 3150 231 3233 satis,
253 3169 319 3215 non
342 3149 437 3214 modo
461 3171 526 3214 non
549 3149 672 3234 copiosi
695 3171 732 3214 ao
756 3149 882 3236 divites,
904 3149 960 3216 sed
983 3150 1082 3216 etiam
1101 3150 1147 3216 in·

140 3258 217 3322 opes
242 3259 279 3303 ae
301 3257 461 3322 pauperes
484 3236 690 3302 existimandi
713 3242 796 3304 sunt.
