2512 3932
327 201 396 258 ola.
414 201 436 258 1.
473 201 549 259 aas.
568 208 682 261 ιιι-ιι.
719 209 868 270 seo—9⁷.
1057 203 1100 270 33

90 362 275 430 continetur
286 363 328 446 id,
344 362 429 446 quod
443 363 506 432 diei
519 363 635 436 Latine
649 365 828 431 decorum
840 369 964 451 potest,
978 364 1100 433 Graece

90 451 176 518 enim
195 447 324 535 πρέπον
344 451 468 519 dieitur.
504 451 610 518 Huius
628 453 678 518 vis
697 475 736 518 ea
756 458 816 536 est,
837 457 875 519 ut
898 454 939 519 ab
962 453 1100 520 honesto

89 561 156 606 non
174 543 275 624 queat
292 540 451 624 separari,
473 562 549 606 nam
567 545 609 624 et,
632 541 718 626 quod
737 541 837 625 decet,
859 543 1032 610 honestum
1051 547 1102 608 ost
1120 557 1154 608 94

91 632 134 712 el,
156 627 245 712 quod
266 627 438 696 honestum
459 632 520 712 est,
542 627 645 713 decet;
668 629 774 713 qualis
794 633 903 696 autem
921 631 1102 697 differentia

65 716 136 781 ssit
158 715 290 781 honesti
311 719 344 780 et
367 715 482 800 decori,
504 717 633 782 facilius
650 717 801 802 intellegi
819 739 916 802 quam
935 720 1102 804 explanari

91 808 211 889 potest.
244 802 402 888 Quicquid
416 809 466 870 est
480 806 575 890 enim,
592 805 677 889 quod
691 806 811 889 deceat,
824 806 858 870 id
872 811 943 872 tum
957 812 1102 892 apparet,

91 915 167 958 cum
195 896 386 978 antegressa
413 897 463 958 cst
489 893 652 960 honestas.
697 893 813 978 Itaque
840 916 907 960 non
934 895 1040 960 solum
1068 897 1103 960 in

91 982 154 1046 han
173 984 267 1064 parte
285 980 475 1064 honestatis,
494 981 533 1046 de
551 1004 616 1066 qua
633 981 695 1048 hoo
713 983 784 1049 loco
802 983 1025 1050 disserendum
1043 986 1102 1068 est,

93 1069 151 1136 sed
173 1068 274 1134 etiam
296 1069 332 1133 in
352 1069 459 1137 tribus
480 1070 699 1155 superioribus
721 1071 800 1155 quid
824 1072 934 1138 deceat
957 1077 1102 1158 apparot.

54 1179 79 1220 ro
92 1155 183 1224 Nam
205 1160 240 1224 et
260 1157 386 1227 ratione
404 1158 454 1226 uu·
472 1161 569 1242 atquc
588 1159 735 1225 oratione
752 1160 927 1244 prudenter
945 1165 979 1225 et
996 1181 1103 1248 agere,

93 1247 182 1331 quod
209 1266 304 1331 agas,
329 1246 530 1314 considerate
556 1247 707 1332 omnique
734 1247 770 1312 in
796 1269 831 1312 re
858 1247 935 1332 quid
963 1249 1008 1313 ait
1034 1251 1103 1316 veri

92 1334 204 1402 vider‘e
227 1338 260 1400 et
282 1336 367 1402 tueri
390 1335 490 1418 decet,
511 1339 688 1420 contraque
708 1335 790 1420 falli,
813 1357 929 1419 errare,
952 1337 1029 1420 labi,
1052 1338 1103 1404 de·

93 1423 159 1508 cipi
177 1426 248 1488 tam
270 1422 401 1490 dedecet
419 1445 515 1508 quarn
533 1424 672 1493 delirare
691 1427 724 1490 et
743 1427 850 1489 mente
869 1445 939 1490 essa
956 1428 1103 1509 captum,

93 1517 128 1578 et
150 1512 240 1578 iusta
261 1511 371 1578 omniu
393 1512 509 1579 decora
531 1516 616 1595 eunt,
638 1512 760 1580 iniusta
782 1515 905 1598 contra,
927 1515 965 1578 ut
985 1513 1103 1598 turpia,

54 1619 78 1660 u
93 1601 141 1666 sic
159 1600 320 1668 indecora
356 1598 479 1668 Similis
498 1606 548 1668 est
565 1601 650 1667 ratio
668 1601 879 1666 fortitudinis.
910 1599 1002 1678 Quod
1017 1602 1103 1668 enim

6 1715 8 1750 ι
92 1688 236 1754 viriliter
257 1688 430 1774 animoque
452 1710 572 1776 magno
595 1690 642 1773 fit,
663 1689 698 1755 id
718 1690 855 1776 dignum
872 1690 942 1756 viro
961 1694 995 1756 et
1013 1691 1103 1756 deco·

91 1800 168 1844 rum
190 1775 328 1861 videtur,
350 1777 436 1862 quod
459 1783 581 1862 contra,
603 1779 637 1844 id
658 1782 696 1844 ut
717 1783 821 1864 turpe,
844 1779 891 1844 sia
907 1779 1102 1845 indecorum.

93 1865 203 1942 Quare
216 1866 358 1950 pertinet
371 1867 500 1950 quidem
512 1866 556 1934 ad
569 1887 697 1932 omnem
711 1867 914 1932 honestatem
928 1867 998 1950 hoc,
1018 1868 1103 1951 quod
1122 1880 1156 1932 95

93 1955 178 2038 dico,
201 1953 364 2038 decorum,
387 1959 421 2020 et
443 1955 491 2022 ita
512 1955 670 2040 pertinet,
692 1958 818 2019 utnon
839 1954 1005 2020 recondita
1028 1975 1104 2038 qua·

55 2060 80 2102 eo
94 2042 171 2108 dam
194 2042 321 2108 ratione
344 2047 502 2126 cernatur,
526 2044 582 2109 sed
604 2044 648 2109 sit
669 2043 706 2108 in
727 2046 890 2128 promptu.
932 2041 995 2108 Est
1018 2042 1104 2108 enim

94 2130 260 2215 quiddam,
282 2130 378 2215 idque
399 2132 603 2218 intellegitur
625 2132 660 2198 in
683 2131 771 2197 omni
789 2131 918 2216 virtute,
940 2130 1029 2216 quod
1051 2131 1103 2196 de·

93 2223 182 2302 ceat3
209 2218 296 2303 quod
322 2241 360 2286 co
386 2220 520 2287 'tatione
547 2220 652 2306 magis
680 2220 844 2285 avirtute
870 2223 981 2306 potest
1005 2241 1104 2306 quam

93 2307 405 2481 mm
420 2307 1104 2480 lttlttttpllttllitutqt·

270 2461 272 2463 -
341 2453 342 2458 ¹
658 2447 667 2479 ι
820 2447 829 2480 ι
921 2464 924 2469 -

53 2499 79 2542 ²⁵
93 2507 184 2568 mur,
215 2484 366 2552 decorum
392 2488 500 2552 totum
525 2484 608 2550 illud
635 2485 765 2568 quidem
796 2488 847 2550 est
878 2506 951 2550 cnm
982 2483 1104 2549 virtute

93 2573 277 2656 confusum,
300 2572 356 2642 sed
378 2576 486 2640 mente
509 2577 543 2638 ct
565 2573 762 2659 cogitatione
786 2572 1007 2660 distinguitur.
1043 2571 1105 2639 Est
1123 2586 1157 2637 ao

6 2689 7 2692 ¹
93 2665 208 2728 antem
231 2661 299 2726 cius
324 2661 491 2746 discriptio
515 2659 647 2747 duplex,
672 2682 749 2727 nam
776 2665 810 2725 et
832 2661 983 2746 generale
1006 2661 1105 2748 quod·

94 2750 173 2816 dam
200 2749 352 2816 decorum
378 2749 612 2835 intellegimus,
643 2749 730 2834 quod
756 2748 792 2813 in
818 2749 907 2814 omni
933 2749 1105 2814 honestate

92 2841 259 2920 versatam,
288 2841 322 2904 et
347 2838 438 2904 aliud
464 2838 540 2903 huia
567 2837 759 2920 subiectum,
786 2837 873 2920 quod
899 2835 1042 2920 pertinet
1064 2835 1107 2900 ad

53 2940 79 2980 ω
93 2927 245 3012 singulas
272 2929 383 3010 partes
410 2925 601 2992 honestatis.
646 2925 756 3009 Atque
782 2924 865 2989 illud
888 2924 1036 3010 superius
1060 2925 1105 2990 sic

91 3013 165 3080 lere
191 3013 319 3082 definiri
346 3015 443 3082 solet:
476 3013 652 3080 decorum
679 3013 712 3078 id
742 3033 825 3097 csse,
857 3013 945 3098 quod
975 3033 1106 3080 consen·

91 3108 230 3174 tanam
253 3103 298 3168 sit
319 3101 460 3172 hominia
481 3101 690 3168 excellentiae
712 3101 748 3166 iu
769 3123 822 3184 eo,
843 3101 879 3167 in
901 3122 966 3186 quo
987 3105 1106 3166 natura

92 3192 165 3258 eiua
184 3214 205 3257 a
223 3191 358 3276 reliquis
377 3190 597 3258 minantibus
614 3189 753 3255 differat.
790 3188 878 3265 Quae
898 3193 1006 3254 autern
1029 3211 1105 3275 pars

92 3280 244 3346 subiecta
266 3279 378 3366 gerari
401 3283 461 3362 est,
482 3300 556 3346 earn
578 3279 625 3344 sic
647 3278 816 3360 definiunt,
839 3279 877 3342 ut
898 3277 932 3342 id
955 3277 1106 3344 decorum

55 3379 79 3421 ⁸⁶
92 3369 201 3436 velint
224 3389 304 3452 esse,
326 3368 412 3453 quod
434 3367 482 3434 ita
502 3370 639 3434 naturae
662 3370 914 3434 wnaentaneum
937 3366 990 3449 sit,
1012 3366 1107 3431 utin

92 3477 131 3522 eo
151 3456 334 3523 moderatio
354 3460 387 3522 et
404 3455 622 3541 temperantia
640 3457 796 3540 appareat
814 3475 886 3520 enm
906 3455 1011 3539 specie
1030 3473 1105 3536 qua·
1114 3495 1142 3559 2,

93 3544 172 3619 (lm
194 3545 334 3613 liberali
368 3543 459 3612 Haec
481 3544 529 3610 ita
553 3543 702 3628 intellegi
724 3563 896 3627 possumus
920 3541 1134 3619 existimare,

150 3657 206 3700 cro.
219 3659 261 3702 ιι.
276 3659 297 3700 e.
929 3648 945 3694 a
