2504 3950
152 167 195 232 42
544 161 594 218 DE
613 162 765 220 omens

99 345 148 394 121
164 328 373 396 Commutato
397 331 506 396 autem
530 348 646 413 genere
669 327 757 394 vitae
780 325 869 392 omni
895 325 1022 392 ratione
1051 346 1168 392 curan·

151 417 315 503 domest,
343 421 382 484 ut
408 417 442 482 id
467 417 554 482 bono
581 415 718 482 oonsilio
739 414 855 480 fecisse
878 414 1054 480 videamur.
1101 411 1169 478 Sed

151 506 305 590 quoniam
318 505 415 591 paulo
435 508 510 570 ante
528 503 652 570 dictum
669 507 720 568 est
733 502 908 568 imitandos
927 522 998 568 esse
1012 502 1169 586 maiores,
1248 579 1249 584 ἵ

149 594 292 679 primum
318 593 400 660 illud
426 597 595 678 exceptum
623 592 680 676 sit,
710 612 751 658 ne
782 591 864 658 vitia
896 591 963 656 sint
994 589 1170 671 imitanda,
1248 587 1249 662 ζ

151 682 274 767 deinde,
297 683 326 748 si
347 685 466 748 natura
482 703 549 747 non
565 680 658 764 ieret,
679 684 717 746 ut
736 678 895 764 quaedam
913 678 1039 744 imitari
1056 680 1169 763 possit
1196 698 1210 739 s
1248 689 1249 760 ξ

150 767 202 855 (ut
225 771 402 856 superioris
428 770 516 835 filius
539 767 699 852 Africani,
726 769 783 852 qui
808 767 894 834 hunc
915 765 1019 833 Panlo
1048 771 1171 832 natum
1248 797 1249 808 κ

151 859 333 943 adoptavit,
363 862 496 942 propter
523 856 748 922 infirmitatem
775 854 972 923 valetudinis
999 860 1170 920 nontam
1248 907 1249 914 ,

149 947 259 1031 potuit
286 947 390 1031 patris
418 944 534 1010 similis
562 965 646 1028 esse,
678 964 776 1028 quam
803 944 861 1009 ille
887 943 996 1011 fuerat
1022 941 1104 1028 sui),
1138 944 1170 1008 si
1248 1017 1249 1024 ἵ

150 1034 252 1118 igitur
264 1054 331 1098 non
345 1033 466 1118 poterit
484 1033 552 1098 sive
571 1053 685 1098 causas
704 1031 899 1098 defensitare
918 1031 986 1096 sire
1003 1031 1170 1116 populum
1248 1047 1249 1116 l

149 1121 356 1186 contionibus
379 1125 489 1186 tenere
512 1121 581 1186 sive
595 1119 692 1186 bella
715 1141 836 1206 gerere,
858 1119 918 1185 illa
940 1122 1051 1184 tamen
1072 1141 1169 1203 prae-
1184 1139 1210 1180 ro
1248 1123 1249 1208 l

151 1212 238 1275 stare
257 1209 396 1293 debebit,
414 1231 497 1293 quae
515 1211 610 1274 erunt
626 1209 661 1274 in
678 1208 781 1294 ipsius
799 1211 974 1293 potestate,
991 1206 1169 1292 iustitiam,
1248 1235 1249 1324 q

149 1297 260 1382 fidem,
291 1298 538 1380 liberalitatem,
568 1296 776 1381 modestiam,
802 1295 1069 1382 temperantiam,
1099 1317 1168 1380 quo
1248 1365 1249 1400 ,

149 1386 257 1452 minus
277 1386 318 1451 ab
338 1407 375 1452 eo
394 1386 436 1470 id,
455 1386 542 1470 quod
557 1385 650 1466 desit,
668 1385 862 1470 requiratur.
893 1383 1038 1469 Optuma
1051 1389 1169 1450 autem
1248 1439 1249 1468 ,

149 1474 312 1540 hereditas
341 1497 361 1540 a
387 1474 536 1558 patribus
563 1473 705 1539 traditur
731 1473 844 1538 liberis
876 1472 1028 1556 omnique
1061 1473 1169 1557 patri·
1248 1471 1249 1506 ³

150 1564 258 1628 monio
277 1562 497 1646 praestantior
517 1561 624 1646 gloria
641 1561 773 1626 virtutis
792 1581 964 1645 rerumque
983 1563 1169 1646 gestarum,
1184 1579 1209 1620 rs
1248 1575 1249 1626 l

52 1663 58 1678 ·
97 1651 202 1770 34οηί
223 1650 372 1714 dedecori
394 1670 464 1714 esse
486 1649 578 1714 nefas
602 1651 650 1730 [et
671 1649 802 1732 vitium]
826 1647 1033 1715 iudicandum
1058 1653 1118 1714 est.
1248 1637 1249 1704 l

98 1785 147 1833 1„
215 1736 260 1802 Et
280 1737 434 1820 quoniam
451 1737 560 1802 officia
576 1758 644 1804 non
661 1736 773 1802 eadem
792 1737 977 1822 disparibus
995 1737 1167 1804 aetatibus
1248 1777 1249 1822 ᾗ

148 1825 337 1890 tribuuntur
351 1825 479 1909 aliaque
493 1829 569 1892 sunt
587 1825 748 1909 iuvenum,
766 1825 832 1891 alia
846 1825 1023 1909 saniorum,
1037 1825 1168 1910 aliquid
1248 1825 1249 1902 l

149 1913 249 1978 etiam
276 1914 315 1978 de
342 1914 404 1980 hac
432 1913 640 1980 distinctione
667 1913 836 1982 dicandum
863 1917 922 1981 ast.
966 1913 1030 1978 Est
1058 1913 1168 2000 igitur
1248 1925 1249 1988 l

150 2002 365 2068 adulescentis
392 2002 531 2069 maiores
562 2006 642 2068 natu
673 2002 778 2068 vereri
809 2023 912 2086 exque
943 2001 984 2066 iis
1017 2001 1166 2088 deligere
1180 2021 1207 2062 ao

149 2091 290 2174 optimos
305 2095 339 2154 et
352 2090 612 2174 probatissimos,
630 2110 769 2173 quorum
783 2090 920 2158 oonsilio
939 2092 1037 2174 atque
1052 2093 1167 2156 aucto-
1248 2099 1249 2184 ᾗ

148 2179 248 2242 ritate
274 2177 413 2260 nitatur;
444 2177 585 2242 ineuntis
618 2177 705 2243 enim
737 2179 855 2244 aetatis
887 2178 1019 2244 inscitia
1046 2197 1166 2245 senum

148 2265 375 2330 constituenda
393 2267 426 2330 et
443 2264 585 2349 regenda
602 2264 775 2350 prudentia
793 2270 853 2332 est.
883 2266 1035 2332 Maxume
1050 2271 1166 2334 autem
1248 2271 1249 2282 ’

147 2353 228 2418 haec
251 2356 341 2419 aetas
366 2375 386 2418 a
408 2352 598 2418 libidinibus
626 2355 764 2420 arcenda
780 2358 837 2420 est
862 2354 1101 2438 exercendaque
1124 2355 1165 2422 in

147 2442 261 2508 labore
283 2440 506 2525 patientiaque
528 2444 563 2506 et
584 2441 686 2507 animi
708 2446 742 2507 et
762 2443 916 2527 corporis,
937 2446 1107 2508 uteorum
1126 2448 1207 2508 etas
1248 2489 1249 2520 2

147 2529 182 2594 in
195 2529 321 2594 bellicis
335 2533 369 2594 et
382 2529 416 2594 in
435 2528 585 2595 civilibus
599 2528 714 2596 officiis
729 2529 839 2616 vigeat
853 2529 1021 2596 industria.
1049 2531 1164 2616 Atque
1248 2537 1249 2612 l

148 2617 247 2682 etiam
262 2639 335 2684 eum
349 2617 495 2685 relaxare
510 2617 635 2683 animos
650 2621 684 2682 et
698 2617 773 2686 dare
788 2639 823 2684 re
834 2617 1029 2684 iucunditati
1037 2618 1164 2702 volent,
1248 2633 1249 2698 l

148 2709 284 2771 caveant
297 2706 591 2790 intemperantiam,
610 2706 816 2784 meminerint
834 2707 1053 2790 verecundiae,
1072 2708 1163 2790 quod

148 2795 210 2859 erit
232 2794 369 2878 facilius,
392 2795 422 2859 si
442 2815 481 2860 ac
502 2795 538 2860 in
561 2795 629 2860 eius
648 2794 736 2860 modi
755 2793 884 2878 quidem
902 2797 999 2860 rebus
1018 2795 1161 2862 maiores
1248 2821 1249 2866 l

96 2897 145 2946 123
160 2886 241 2947 natu
267 2883 381 2948 nolent
410 2883 574 2948 interesse.
621 2879 757 2948 Senibus
791 2887 901 2948 autem
933 2883 1061 2950 labores
1089 2905 1162 2948 cor·
1178 2902 1205 2944 ao

146 2971 236 3053 poris
259 2971 437 3053 minuendi,
465 2970 712 3037 exercitationes
740 2969 840 3036 animi
868 2971 967 3036 etiam
991 2970 1162 3058 augendae
1248 3005 1249 3054 r

147 3057 310 3142 videntur3
339 3058 444 3124 danda
471 3080 547 3123 vero
576 3079 689 3143 opera,
716 3061 753 3124 ut
779 3062 813 3122 et
840 3059 962 3126 amicos
990 3063 1024 3124 et
1050 3059 1162 3125 iuven·
1248 3081 1249 3138 q

146 3150 251 3212 tutem
274 3151 307 3212 et
329 3146 469 3212 maxime
492 3167 561 3210 rem
583 3146 748 3230 publicam
772 3147 908 3213 consilio
930 3152 963 3213 et
985 3147 1162 3232 prudentia
1248 3145 1249 3218 l

147 3255 245 3316 quam
268 3234 445 3318 plurimum
467 3234 628 3300 adiuvent.
665 3233 758 3300 Nihil
781 3239 892 3300 autem
915 3236 1021 3321 magis
1044 3257 1160 3302 esven·
1248 3271 1249 3274 ¹

146 3321 223 3385 dum
250 3325 300 3385 est
329 3322 500 3405 senectuti,
530 3343 628 3406 quam
651 3343 691 3388 ne
720 3323 872 3408 languori
895 3344 930 3388 se
954 3323 1161 3408 desidiaeque
1176 3342 1204 3384 aa
1248 3323 1249 3408 J

147 3408 256 3491 dedat3
279 3408 407 3474 luxuria
425 3430 500 3475 vero
520 3432 592 3476 cum
611 3409 700 3476 omni
718 3410 821 3476 aetati
838 3411 954 3495 turpis,
978 3414 1049 3476 tum
1069 3433 1162 3476 sene-

146 3495 229 3562 ctuti
254 3494 442 3562 foedissima
469 3501 533 3579 est,
559 3497 617 3562 sin
643 3501 753 3563 autem
784 3497 884 3562 etiam
911 3498 1083 3564 libidinum
1110 3499 1161 3564 in-
1248 3501 1249 3504 ’
