2570 3944
411 176 636 233 ORATIONUM.
656 179 687 234 A.
706 177 758 232 XV
778 185 862 233 1-9.
1075 177 1140 244 283

247 336 315 406 Oito
336 342 444 422 rapuit
459 361 519 422 pro
541 361 572 406 se
593 344 816 424 arpummtum,
840 339 989 406 iudicasse
1009 339 1141 422 quodam

180 427 268 492 modo
286 476 293 490 .
308 477 316 492 .
331 477 338 492 .
353 479 359 492 .
377 433 413 493 ut
429 429 540 494 bellum
557 430 724 512 permdum
745 449 806 496 csse
826 433 964 512 censeret,
985 429 1040 511 qui
1060 448 1141 494 men·

180 515 292 581 tionem
307 518 457 599 pecuniae
476 517 597 597 fecerat

201 604 231 668 6.
259 601 312 668 Sis
340 609 390 670 est
416 604 503 669 iusta
530 625 627 671 causo
653 605 747 688 belli,
775 605 871 671 sicuti
893 603 1030 671 Crassus
1058 626 1141 671 com-

109 691 329 756 ememoravit
352 714 424 759 cum
447 692 609 778 Iugurtha
630 692 738 758 fuisse.

246 780 451 848 Notissimum
476 786 521 848 est
542 782 691 865 Micipsa,
721 801 787 865 repe
814 780 996 864 Numidiae,
1023 787 1142 848 mortuo

179 867 339 947 trifariam
364 870 445 934 inter
465 869 668 934 Adherbalem
694 876 725 936 et
744 869 956 951 Hiempsalem
977 877 1006 935 el
1026 870 1142 953 Inpur-

134 1003 136 1010 .
180 954 265 1020 ibam
287 975 415 1039 reputem
434 976 495 1022 esse
512 958 661 1036 divisum·
683 977 759 1040 quos
777 962 879 1024 tamen
895 958 972 1024 duos
989 959 1069 1024 idem
1086 958 1142 1024 Iu-

176 1043 291 1126 purtba
307 1047 428 1127 partim
446 1045 485 1122 oi,
500 1047 621 1126 partim
638 1066 706 1110 vero
724 1046 849 1111 insidiis
865 1045 1023 1126 interfecit.
1054 1045 1143 1112 Haec

96 1148 122 1188 ιο
180 1131 230 1196 illi
253 1131 318 1211 fuit
342 1152 438 1199 causo
457 1134 628 1215 praecipita
650 1134 760 1198 bellum
779 1135 906 1216 permdi
926 1135 1071 1200 aduersus
1087 1155 1142 1217 po·

174 1219 288 1304 pulum
313 1219 354 1286 R.
400 1219 462 1301 Qui
490 1225 591 1286 tamen
612 1226 684 1303 post
711 1221 822 1287 modios
848 1223 1045 1304 imperatores
1068 1243 1142 1306 pro-

178 1308 256 1372 biter
277 1307 416 1389 adflictos
438 1309 481 1374 ad
497 1310 664 1374 cclrimum
682 1308 714 1375 0.
728 1309 836 1375 Mario
854 1309 1036 1391 imperatore
1057 1330 1141 1393 supe·

179 1400 268 1460 ratus
289 1401 341 1461 est.

203 1483 232 1547 l.
254 1480 331 1549 Non
353 1485 461 1569 patior
483 1485 566 1550 hano
590 1484 733 1549 exaudiri
755 1505 866 1550 vocem
886 1485 983 1550 huius
1001 1485 1141 1569 imperii:

96 1587 122 1628 1⁵
135 1569 209 1656 Ego
227 1574 270 1654 te,
287 1572 351 1636 nisi
365 1573 423 1638 das
437 1573 568 1657 aliquid,
586 1572 723 1654 hostem,
743 1573 770 1638 si
789 1572 866 1656 quid
885 1571 1018 1659 dederis,
1032 1594 1141 1658 regem

136 1662 169 1723 et
192 1660 315 1724 socium
338 1664 371 1724 et
394 1662 533 1727 amicum
557 1660 716 1726 iudicabo.

245 1749 301 1814 Ad
326 1751 470 1814 tuendam
495 1751 646 1816 rationem
662 1749 793 1831 pudoris
815 1751 988 1832 essequincr
1009 1770 1074 1816 uon
1095 1751 1143 1816 de-

180 1855 243 1902 cere
263 1838 413 1920 populum
435 1836 474 1902 R.
500 1836 557 1902 las
579 1841 741 1920 potestates
766 1838 867 1920 reptas
893 1839 1079 1921 nundinari,
1108 1844 1145 1903 ut

181 1923 293 1990 obiecta
309 1925 446 2006 modam
459 1925 581 1990 senaim
596 1924 677 2004 facie
690 1925 892 2007 turpitudinis
903 1925 939 1990 id
949 1926 995 1990 cel
1008 1927 1143 1992 maccime

95 2028 123 2069 ²⁰
178 2013 355 2093 faciendum
368 2032 429 2078 esse
436 2012 630 2096 persuadeat,
646 2014 728 2094 quod
742 2013 784 2078 sit
800 2032 967 2096 coupruens
984 2012 1141 2079 banmtati.

9 2099 11 2238 t
203 2101 236 2182 8..
260 2121 333 2165 cum
360 2101 416 2164 ille
443 2121 499 2164 rex
526 2100 570 2163 sit
597 2099 799 2183 interfectus,
830 2101 916 2166 hunc
945 2122 1081 2186 puerum
1107 2103 1143 2167 in

136 2185 231 2272 Syria
252 2187 361 2258 fuisse.

9 2263 10 2284 ¹
247 2275 409 2342 ....Haec
421 2276 994 2356 sumunturdelocisoomectnraltbus,
1007 2279 1144 2360 quisunt

175 2363 276 2445 primi
299 2365 435 2430 uidelicet
458 2366 495 2428 in
515 2364 608 2429 liuius
629 2368 727 2429 status
752 2365 914 2446 diomime,
942 2385 963 2428 a
989 2365 1143 2431 oduntale

96 2467 122 2509 2⁶
180 2457 209 2516 et
223 2451 378 2534 facultate,
396 2453 417 2516 i.
435 2472 459 2516 e.
477 2446 542 2516 alab
561 2447 752 2534 βουλήσεως
769 2449 824 2515 καὶ
843 2449 1024 2536 δυνάμεως.
1055 2453 1142 2518 Nam

180 2540 262 2621 quod
277 2540 429 2622 pueritiae
449 2540 526 2620 facit
546 2539 737 2616 mentionem,
758 2539 925 2604 uoluntatis
946 2545 991 2605 est
1006 2559 1070 2606 uon
1086 2561 1142 2623 po

181 2628 273 2694 tuisse
299 2627 510 2694 Ptolomaeum
543 2627 725 2709 capitalibus
756 2627 835 2691 odiis
865 2627 1024 2710 desudem,
1054 2648 1143 2709 quun

174 2716 307 2798 puerdr's
320 2716 489 2797 infirmitas
501 2714 540 2779 ab
558 2714 651 2780 buius
667 2714 751 2780 modi
769 2713 968 2779 abumarum
984 2721 1141 2780 reuocaret.

179 2802 353 2869 Facultates
366 2808 533 2884 celantem
550 2803 632 2884 quod
642 2803 690 2867 ait
701 2803 738 2866 in
750 2800 846 2884 Syria
860 2802 966 2885 fuisse,
983 2807 1020 2866 ut
1035 2803 1142 2868 absens

10 2891 11 2956 l
95 2908 121 2948 ³⁰
180 2892 299 2974 copiam
316 2911 379 2956 non
396 2891 536 2957 babuerit
552 2891 639 2956 illius
655 2890 865 2972 interficiundi
884 2909 972 2972 quem
989 2889 1143 2956 dicebatur

178 2980 371 3044 interemisse.
1156 3005 1158 3011 ¹

201 3067 231 3132 9.
254 3066 363 3152 Atque
385 3066 467 3132 illud
491 3067 591 3131 otiam
613 3069 761 3132 constare
781 3065 884 3149 rideo,
907 3086 1017 3151 regem
1039 3067 1142 3150 illum,

134 3175 207 3220 cum
235 3155 382 3241 reginum
410 3175 554 3220 sororem
583 3175 675 3218 suam
705 3173 813 3220 caram
836 3157 1064 3238 acceptamque
1087 3174 1143 3238 po-

134 3244 212 3327 pulo
227 3243 377 3308 manibus
397 3242 464 3307 suis
482 3241 687 3325 trucidasset,
705 3240 911 3306 interfectum
931 3262 1000 3305 esse
1018 3241 1134 3326 impet*⁴

94 3345 120 3387 ³⁵
134 3330 362 3396 multitudinis.

244 3416 398 3502 Oenopestis
411 3417 497 3483 valde
505 3415 796 3501 praeparationibus
808 3417 899 3498 tidem
911 3418 997 3502 facit,
1014 3423 1050 3483 ut
1063 3417 1103 3482 ha

177 3507 296 3572 caedem
318 3527 340 3571 a
355 3506 470 3590 populo
493 3507 593 3590 maces
614 3506 830 3572 Alexandrino
855 3505 972 3586 faciam
991 3505 1103 3587 probae
