2542 3950
148 158 215 221 424
249 157 290 212 IN
304 158 333 216 Ο.
348 157 552 214 EALUS'I'IUM
561 157 849 215 comnovnusm.
863 157 930 227 Gap.
941 164 1000 225 ¹1,8.
1015 162 1161 224 §ao-22.

147 319 224 383 tus?
250 341 328 384 nam
351 320 423 404 quis
445 323 479 384 te
501 320 622 385 faceret
644 319 810 402 heredem,
833 340 928 402 quem
950 341 994 383 ne
1017 319 1163 384 amicum
1245 345 1246 398 p

148 406 278 491 quidem
302 429 396 472 sunm
419 408 499 472 satis
521 408 695 473 honestum
713 407 885 492 quisquam
904 407 967 471 sibi
985 407 1074 472 ducit
1092 407 1165 471 nisi
1245 403 1246 430 ¹

108 495 129 561 8
149 495 266 559 similis
280 515 318 560 ac
336 519 396 581 par
408 496 481 560 tui?
512 495 559 560 st
576 495 723 560 hercules
739 495 873 588 egregia
889 495 978 559 facts
995 495 1164 560 maiorum

147 588 279 648 tuorum
301 589 334 648 te
357 584 528 649 extollunt.
568 582 712 659 Quorum
736 583 806 647 sire
828 587 865 646 tu
889 583 1006 647 similis
1030 603 1065 648 es
1088 584 1165 648 sive
1246 665 1247 668 Ἴ

146 671 199 736 illi
211 672 269 755 tui,
282 672 365 736 nihil
380 673 422 736 ad
435 672 579 737 omnium
592 672 697 736 scelus
712 693 749 736 ac
762 671 942 755 nequitiam
951 671 1028 736 addi
1038 675 1165 756 potest
1191 687 1202 727 ε

95 777 128 825 ar
147 758 279 844 Verum,
292 764 330 824 ut
344 760 468 845 opinor,
482 760 624 826 honores
636 760 686 825 tui
699 759 867 836 tefocinnt
875 759 1080 824 insolentem
1099 759 1166 843 Tu,

148 845 183 913 Ο.
206 845 343 931 Salusti,
370 848 529 914 tantidem
551 852 649 934 putas
672 869 742 912 esse
765 848 817 912 bis
840 851 1025 912 senatorem
1049 852 1084 912 et
1106 845 1164 912 bis

148 939 355 1020 quaestorem
375 937 456 1020 ficri,
479 937 594 1020 quanti
615 936 668 1000 bis
690 936 894 1001 consularem
916 939 950 1000 et
972 936 1026 1000 bis
1043 936 1166 1010 trium-

147 1023 303 1110 phalem?
350 1023 468 1090 Carere
495 1024 586 1090 decet
615 1024 704 1089 omni
735 1024 830 1108 vitio,
861 1024 918 1107 qui
947 1023 984 1088 in
1016 1024 1165 1089 alterum

150 1112 253 1178 dicere
279 1115 413 1198 paratus
441 1115 501 1178 est.
543 1111 578 1176 Is
605 1113 735 1177 demum
762 1113 847 1177 mole
879 1111 972 1194 dicit,
1004 1113 1061 1196 qui
1092 1130 1204 1178 non1⁰

148 1204 259 1285 potest
276 1222 389 1266 verum
408 1201 449 1266 ab
473 1201 577 1266 altero
600 1201 719 1266 audire.
755 1197 818 1265 Sed
838 1204 884 1282 tu,
906 1200 1053 1265 omnium
1071 1223 1167 1266 men·

148 1309 258 1353 sarum
282 1290 443 1374 assecula,
466 1289 610 1354 omnium
632 1289 854 1354 cubiculorum
874 1287 911 1352 in
932 1292 1041 1353 aetate
1064 1289 1166 1373 pelex

148 1381 182 1441 et
198 1377 286 1442 idern
305 1381 422 1462 postea
444 1377 579 1464 adulter,
602 1378 707 1443 omnis
731 1377 853 1442 ordinis
875 1376 1045 1461 turpitudo
1067 1399 1103 1442 es
1129 1381 1167 1442 et

148 1465 253 1530 civilis
275 1466 356 1531 belli
378 1466 542 1532 memoria.
575 1464 659 1542 Quid
678 1465 764 1530 enim
781 1465 844 1530 hoc
862 1465 994 1550 gravius
1012 1465 1086 1550 pati
1104 1487 1165 1550 po

147 1553 279 1638 tuimus,
302 1575 400 1639 quam
419 1554 504 1638 quod
523 1557 558 1618 te
579 1554 774 1619 incolumem
796 1553 832 1618 in
853 1552 915 1618 hoc
938 1553 1051 1618 ordine
1073 1553 1166 1618 vido·
1178 1569 1202 1609 1⁵

96 1656 129 1704 22
148 1641 243 1705 mus?
278 1640 398 1706 Desine
420 1642 524 1706 bonos
546 1642 811 1726 petulantissima
832 1640 1013 1706 consectari
1034 1641 1164 1726 lingua,

148 1729 258 1793 desine
272 1729 386 1794 morbo
400 1729 609 1814 procacitatis
622 1730 688 1795 isto
696 1730 756 1814 uu,
769 1729 878 1794 desine
886 1751 988 1793 unum
997 1749 1165 1814 quemque

148 1817 293 1882 moribus
311 1817 378 1883 tuis
396 1818 577 1883 aestimare.
607 1817 670 1882 His
688 1817 833 1884 moribus
852 1817 992 1882 amicum
1008 1817 1074 1882 tibi
1089 1817 1164 1882 effi·

148 1925 220 1970 cere
241 1927 309 1973 non
325 1911 433 1991 potes3
454 1905 573 1971 videris
592 1907 678 1972 uelle
695 1906 864 1973 inimicum
880 1905 1010 1972 habere.
1043 1904 1164 1971 Finem

149 1993 274 2058 dicendi
304 1994 436 2079 faciam,
467 1998 578 2080 patres
605 1995 789 2080 conscripti.
838 1991 941 2079 Saepe
971 1993 1059 2058 enim
1091 1994 1164 2059 vidi
1177 2011 1204 2051 πο

149 2081 281 2166 gravius
309 2083 469 2148 offendere
496 2083 621 2149 animos
649 2083 833 2148 auditorum
860 2103 929 2167 eos,
962 2081 1018 2166 qui
1050 2081 1166 2149 aliena

147 2169 275 2252 flagitia
297 2173 409 2253 aperte
431 2170 594 2254 dixerunt,
621 2193 720 2256 quam
742 2191 811 2255 eos,
838 2169 894 2255 qui
915 2170 1165 2237 commiserunt

147 2254 231 2322 Mihi
258 2255 387 2339 quidem
412 2257 498 2322 ratio
525 2257 675 2324 habenda
702 2263 765 2343 est,
793 2279 860 2324 non
886 2279 970 2342 quae
992 2255 1162 2326 Salustius

149 2342 265 2409 merito
296 2344 413 2411 debeat
439 2345 562 2431 audire,
589 2348 645 2413 sed
670 2349 709 2414 ut
735 2369 774 2414 ea
801 2347 919 2432 dicam,
945 2348 975 2411 si
1002 2369 1069 2431 qua
1096 2369 1164 2432 ego

149 2433 285 2499 honeste
308 2433 400 2500 effari
421 2434 554 2521 possim
