2504 3950
188 243 195 258 .
305 206 374 264 ΜΒ.
392 208 440 264 111.
470 205 551 264 clP..
567 215 679 266 10-12.
707 215 853 276 sss-51.
1033 209 1097 274 105

87 369 178 434 dibus
206 369 395 434 obruerunt
441 368 543 453 Atqui
570 371 627 435 ille
650 371 827 436 utilitatem
855 371 945 455 sequi
968 370 1096 435 videba-

85 462 151 539 tnr3
175 457 234 522 sed
257 478 296 522 ea
318 457 410 522 nulla
433 462 504 522 erat
525 463 726 544 repugnante
748 459 928 524 honestate.
969 458 1096 523 Themi·
1114 474 1148 524 49

86 545 206 610 stooles
225 548 302 631 post
319 545 490 610 victoriam
510 546 578 612 eius
597 547 684 630 belli,
707 546 793 630 quod
811 569 884 612 oum
897 546 1005 612 Persis
1023 546 1096 630 fuit,

86 634 167 698 dixit
188 635 226 697 in
248 633 399 699 contione
421 655 456 698 se
478 634 600 699 habere
621 635 797 700 eonsilium.
815 635 862 699 rei
879 635 1029 719 publicae
1048 657 1096 700 sas

62 723 207 805 slutare,
231 721 288 786 sed
310 721 443 786 idseiri
464 743 530 787 non
552 743 634 807 opus
657 743 740 806 esse3
763 722 957 807 postulavit,
979 727 1017 787 ut
1039 723 1097 787 ali·

86 809 470 962 ffidqpquusieqp
485 810 623 963 stit
640 810 1022 964 tutundit-¹¹⁸
1035 814 1097 962 532
1141 827 1144 833 ’

88 945 356 1050 subducta’esset
378 984 419 1050 ad
442 947 620 1070 (lytheum,
642 989 725 1052 olam
747 985 874 1053 inoendi
896 920 1095 1072 possir,qquo

86 1074 172 1138 laeto
186 1072 297 1158 frangi
309 1071 636 1139 Lacedaemoniorum
650 1095 728 1161 opes
741 1093 872 1141 neeesse
886 1077 980 1140 esset.
1004 1072 1097 1149 Quod

52 1179 75 1218 1⁰
86 1161 250 1226 Aristides
273 1181 346 1225 oum
364 1161 517 1244 audisset,
538 1162 573 1226 in
592 1163 775 1228 contionem
791 1183 914 1248 ¹magna
932 1167 1095 1246 exspecta·

86 1250 174 1315 tione
193 1248 285 1313 venit
303 1247 448 1332 dixitque
465 1250 607 1333 perutile
620 1271 692 1314 esse
711 1250 892 1333 eonsilium,
910 1250 996 1333 quod
1015 1249 1096 1315 The

86 1337 254 1402 mistooles
269 1335 421 1420 adferret,
438 1337 494 1401 s'ed
508 1337 641 1403 minime
653 1338 835 1402 honesturn.
867 1337 983 1420 ltaque
996 1337 1096 1402 Athe·

86 1427 225 1508 menses,
248 1424 335 1508 quod
356 1424 531 1491 honestum
551 1447 617 1491 non
640 1429 735 1510 esset,
756 1425 790 1490 id
807 1425 948 1490 neutile
967 1425 1096 1507 quidem

86 1516 287 1598 putaverunt
304 1515 473 1596 totamque
491 1534 563 1578 eam
582 1535 659 1598 rem,
678 1535 776 1598 quam
788 1535 830 1578 ne
844 1512 1014 1578 audierant
1029 1512 1097 1596 qui·

53 1621 74 1660 rs
87 1603 168 1684 dem,
192 1604 325 1666 anctore
347 1601 492 1666 Aristide
510 1602 769 1687 repudiavenmt.
805 1600 921 1666 Melius
945 1601 979 1665 hi
998 1621 1096 1684 quam

85 1710 240 1842 Ἥ
263 1688 392 1842 {tlt
410 1688 715 1843 Ἢῖἰιῖωἰὲῗι
729 1690 907 1844 *saltat*
920 1689 1096 1842 titt
1109 1779 1149 1843 12
1243 1737 1244 1762 ‘

87 1866 183 1947 utile,
206 1797 506 1950 ndatumgqriidlim,
528 1801 665 1949 oumpid,
689 1828 774 1950 qdod
797 1886 867 1930 esse
888 1799 970 1929 risile
993 1869 1097 1950 putes,
1243 1853 1244 1856 ¹

88 1954 284 2039 adipiscare3
305 1953 368 2018 hoo
391 1953 476 2018 enim
499 1954 619 2038 ipsum,
641 1953 722 2018 utile
745 1956 870 2038 putare,
894 1952 979 2036 quod
1002 1956 1096 2036 turpe

54 2042 144 2126 rosit,
176 2040 405 2107 calamitosum
436 2045 494 2106 est.
544 2039 607 2106 Sed
633 2040 791 2124 incidunt,
823 2044 992 2125 utsupra
1023 2039 1097 2121 dixi,
1116 2054 1150 2106 uo
1244 2089 1245 2102 ,

88 2151 183 2215 saepe
208 2150 333 2213 causae,
356 2150 428 2194 oum
451 2149 632 2216 repugnare
654 2129 782 2195 utilitas
805 2127 970 2194 honestati
992 2127 1098 2194 videa·

88 2223 154 2300 tur,
186 2221 225 2282 nt
248 2217 578 2282 animadvertendum
610 2216 668 2302 sit,
699 2221 899 2304 repugnetne
930 2217 1027 2302 plane
1055 2237 1098 2282 an

88 2306 194 2391 possit
217 2326 291 2370 oum
309 2304 481 2371 honestate
499 2305 660 2391 coniungi.
696 2305 777 2370 llius
796 2306 923 2392 generis
941 2305 1003 2370 hae
1022 2308 1098 2369 sunt

89 2393 310 2478 quaestiones:
338 2393 368 2458 si
394 2394 533 2478 exempli
561 2393 668 2480 gratia
694 2394 744 2458 vir
766 2394 871 2459 bonus
893 2392 1099 2458 Alexandrea

54 2498 76 2538 τε
88 2481 240 2546 Rhodum
259 2501 413 2567 magnum
432 2480 586 2546 frumenti
601 2503 771 2547 numerum
786 2481 951 2548 advexerit
963 2480 999 2546 in
1011 2479 1098 2544 Rho·

89 2569 217 2634 diorum
244 2569 358 2652 inopia
382 2573 416 2634 et
441 2568 529 2634 fame
557 2589 746 2654 summaque
778 2589 925 2634 annonae
952 2567 1098 2652 caritate,

90 2658 117 2722 si
143 2657 230 2722 idem
259 2657 342 2722 seiat
368 2658 551 2742 complures
578 2662 774 2723 mercatores
801 2655 1007 2722 Alexandrea
1036 2656 1098 2721 sol·

89 2746 174 2810 risse
206 2765 370 2829 naresque
401 2745 436 2810 in
465 2765 562 2812 eursu
591 2745 757 2812 frumento
789 2746 924 2809 onustas
950 2746 1098 2828 petentes

90 2832 242 2899 Rhodum
264 2831 392 2916 viderit,
415 2832 599 2899 dicturusne
622 2833 667 2898 sit
688 2833 721 2896 id
743 2831 879 2897 Rhodiis
903 2851 946 2895 an
968 2830 1097 2896 silentio

57 2936 185 2987 usuum
208 2942 307 3004 quam
329 2920 471 3006 plurimo
488 2921 685 2987 venditurus.
721 2917 907 3005 Sapientem
927 2922 960 2983 et
978 2919 1099 2984 bonum

89 3010 196 3075 virum
218 3009 387 3094 fingimns3
409 3008 448 3074 de
471 3008 539 3074 eius
558 3009 790 3074 deliberatione
809 3012 843 3072 et
861 3006 1098 3073 consultatione

90 3097 286 3180 quaerimus,
308 3097 364 3180 qui
386 3096 548 3162 eelaturns
571 3096 716 3162 Rhodios
738 3118 804 3162 non
828 3096 880 3178 sit,
904 3096 931 3159 si
953 3094 987 3158 id
1003 3097 1099 3177 turpe

89 3185 219 3270 indicet,
242 3185 299 3250 sed
320 3184 457 3268 dubitet,
479 3206 521 3250 an
543 3188 639 3270 turpe
660 3205 726 3251 non
749 3185 801 3250 sit.
836 3183 875 3250 In
896 3181 992 3248 huius
1012 3181 1100 3246 modi
1118 3196 1151 3246 51

91 3274 196 3338 oensis
225 3273 315 3337 aliud
340 3271 481 3359 Diogeni
507 3271 690 3355 Babylonio
717 3272 820 3338 videri
851 3271 948 3354 solet,
979 3290 1099 3356 magno

58 3365 125 3425 set
151 3361 247 3448 gravi
269 3358 393 3444 Stoioo,
419 3360 509 3426 aliud
532 3361 720 3445 Antipatro,
749 3359 905 3445 discipulo
933 3358 1016 3441 eius,
1043 3357 1099 3422 ho·

93 3448 172 3514 mini
189 3447 388 3515 acutissimo.
419 3448 596 3533 Antipatro
615 3447 724 3513 omnia
745 3447 976 3533 patefacienda,
999 3449 1037 3509 ut
1058 3465 1099 3508 ne

9 3531 14 3552 ¹
95 3537 171 3620 qnid
197 3537 343 3617 omnino,
375 3536 462 3622 quod
492 3535 641 3602 venditor
668 3535 771 3619 norit,
803 3537 930 3619 emptor
961 3533 1099 3616 ignoret,
